3015 4740
1260 296 1684 361 ..152-

525 453 774 539 Quibus
813 456 898 529 ad
942 458 1118 537 viam
1147 460 1438 535 nostram
1481 458 1894 528 muniendam
1933 460 2305 549 praemissis
2334 478 2524 544 nunc,
2556 465 2632 528 ut
2703 498 2711 507 ·

316 559 610 638 quaestio
656 580 822 642 quae
862 567 965 630 est
1006 564 1087 629 de
1115 563 1516 647 singulorum
1534 566 1826 635 codicum
1845 566 2056 648 pretio
2072 567 2181 634 vel
2210 567 2629 650 auctoritate,

317 684 399 739 ex
429 671 622 748 parte
663 669 943 752 quidem,
984 671 1040 737 si
1084 671 1223 741 deis
1264 672 1505 755 placet,
1554 673 1644 751 ad
1664 672 1982 753 liquidum
2002 675 2418 756 perducatur,
2460 674 2632 739 omni

315 792 521 859 opera
553 775 940 845 adnitamur.
1029 777 1131 844 De
1153 779 1579 847 Ambrosiano
1602 778 1896 862 primum,
1948 785 2115 860 quae
2158 780 2433 853 dicenda
2456 785 2629 864 sunt,

311 880 380 946 in
425 901 635 964 pauca
675 883 955 951 conferri
993 888 1282 964 possunt.
1374 883 1566 953 Omni
1608 886 1778 953 enim
1825 887 2220 955 dubitationi
2243 892 2346 957 est
2375 905 2628 970 exemp-

312 992 469 1070 tum,
515 989 828 1071 siquidem
869 1008 968 1072 ea,
1016 1008 1183 1069 quae
1223 1009 1419 1073 supra
1462 992 1544 1056 de
1588 1010 1663 1056 eo
1688 992 2003 1076 disserui,
2049 999 2233 1065 recte
2264 1013 2336 1060 se
2363 995 2629 1077 habent,

313 1096 469 1175 quin
517 1114 602 1162 ne
652 1096 905 1165 minimi
959 1097 1215 1178 quidem
1255 1099 1313 1164 is
1378 1099 1686 1165 momenti
1721 1104 1790 1165 et
1830 1100 2135 1182 ponderis
2175 1102 2264 1169 sit
2304 1103 2390 1181 ad
2432 1101 2631 1183 Equi-

312 1208 449 1271 tum
492 1208 748 1272 textum
788 1204 858 1271 in
900 1205 1227 1288 integrum
1270 1206 1769 1277 restituendum.
1856 1206 2088 1277 Paullo
2133 1208 2396 1283 diversa
2435 1209 2517 1279 de
2564 1209 2635 1270 X

307 1311 493 1402 libris
527 1311 858 1381 sententia
889 1312 1166 1393 utimur,
1210 1313 1289 1385 in¹
1307 1313 1566 1394 quibus.
1607 1317 1682 1378 ut
1721 1332 1892 1379 nunc
1926 1332 2008 1383 ex
2051 1314 2382 1395 superio-re
2416 1315 2629 1395 dispu-

308 1422 558 1505 tatione
580 1418 866 1487 fructum
887 1419 1161 1501 capiam7
1204 1419 1490 1487 veriores
1530 1421 1802 1489 subinde
1828 1439 2019 1502 quam
2059 1420 2132 1495 in
2157 1421 2394 1487 ceteris
2429 1421 2630 1507 scrip-

308 1529 493 1595 turas
532 1524 746 1593 inesse
789 1543 978 1606 posse
1018 1526 1369 1609 pernegari
1423 1527 1603 1597 nullo
1649 1529 1835 1597 modo
1896 1528 2113 1597 debet.
2226 1528 2631 1611 Quamquam

306 1631 706 1716 singulorum
734 1633 1024 1711 codicum
1053 1633 1369 1700 lectiones
1384 1653 1648 1717 prorsus
1674 1639 1865 1717 patet
1894 1653 2102 1701 vanas
2133 1639 2335 1716 atque
2364 1635 2632 1703 inutiles

306 1758 468 1807 esse.
559 1741 804 1809 Contra
847 1741 1014 1811 liber
1049 1746 1123 1823 P,
1168 1745 1360 1825 prout
1394 1760 1523 1807 non
1565 1742 1707 1811 loco
1746 1742 2015 1809 obscuro
2056 1745 2271 1824 natus
2319 1743 2447 1809 etsi
2483 1760 2630 1811 con-

310 1847 699 1921 temnendus
740 1865 869 1911 non
907 1850 1027 1928 est,
1087 1850 1311 1915 tamen
1366 1866 1438 1912 re
1480 1866 1641 1921 vera
1685 1848 1769 1915 ab
1830 1865 1905 1912 eo
1948 1847 2278 1927 rarissime
2319 1847 2631 1923 auxilium

307 1953 658 2036 petendum
690 1952 835 2035 erit,
880 1953 1391 2032 quuadoquidem
1419 1953 1534 2024 alii
1579 1971 1659 2018 ex
1702 1952 1926 2019 eodem
1964 1954 2319 2035 archetypo
2347 1954 2631 2022 derivati

307 2059 492 2139 eique
533 2058 746 2127 multe
775 2057 1175 2138 antiquiores
1213 2063 1479 2140 praeter
1516 2077 1660 2125 eum
1707 2059 1962 2127 codices
2008 2058 2256 2129 servati
2288 2063 2458 2131 suut.
2547 2061 2629 2135 In

303 2165 674 2231 universum
717 2168 936 2230 autem
978 2184 1094 2246 pro
1138 2169 1318 2230 certo
1358 2165 1674 2231 affirmari
1714 2170 1935 2248 potest
1968 2166 2297 2248 duplicem
2337 2167 2407 2231 in
2427 2166 2627 2246 Equi-

305 2271 483 2337 tibus
522 2271 945 2339 traditionem
966 2275 1247 2355 exstare,
1293 2272 1574 2341 alteram
1600 2273 2030 2355 RavennatiS,
2077 2274 2361 2339 alteram
2386 2273 2627 2354 perditi

307 2378 499 2444 istius
521 2379 761 2446 codicis
793 2382 853 2462 β,
897 2380 1078 2445 cuius
1101 2380 1462 2461 scripturas
1480 2381 1831 2463 praecipue
1874 2399 1994 2448 eas
2014 2380 2411 2464 habebimus,
2458 2399 2626 2461 quae

305 2490 375 2551 et
417 2486 487 2551 in
543 2487 604 2547 V
637 2490 706 2552 et
747 2485 817 2550 in
861 2487 933 2548 X
961 2490 1030 2551 et
1061 2487 1131 2551 in
1186 2492 1248 2551 P
1283 2487 1527 2553 insunt.
1634 2488 1882 2569 Quibus
1942 2487 2258 2569 expositis
2310 2486 2622 2567 sequitur,

304 2598 379 2660 ut
421 2595 541 2660 has
581 2594 744 2662 duas
782 2593 1194 2659 recensiones
1237 2593 1618 2676 diligentius
1660 2594 2117 2660 examinantes
2159 2611 2380 2658 carum
2422 2593 2620 2674 preti-

305 2720 412 2767 um
454 2701 777 2780 fidemque
812 2700 1303 2781 perpendamus.
1426 2771 1432 2775 ,

382 2873 385 2876 ,
506 2807 601 2872 Ut
642 2806 818 2872 inter
856 2807 1014 2872 duos
1060 2806 1405 2887 exercituS‚
1452 2805 1566 2886 qui
1606 2804 1895 2871 cominus
1927 2801 2239 2885 proelium
2294 2803 2622 2870 commise-

299 2918 473 2996 runt,
511 2913 568 2979 is
611 2913 953 2979 victoriam
995 2918 1367 2994 reportasse
1409 2913 1741 2994 putandus
1784 2916 1905 2994 est,
1948 2910 2058 2990 qui
2113 2910 2393 2992 priorem
2455 2911 2622 2978 aciei

299 3023 570 3089 formam
611 3026 680 3087 et
736 3021 1014 3104 speciem
1069 3040 1213 3087 cum
1269 3021 1453 3086 nulla
1492 3021 1600 3086 vel
1650 3037 1974 3102 perparva
2033 3036 2292 3084 suorum
2343 3017 2619 3083 militum

297 3134 529 3195 actura
574 3129 885 3211 servavit,
925 3129 1018 3194 sic
1050 3129 1120 3194 in
1144 3130 1188 3194 h
1211 3147 1291 3196 ac
1319 3145 1572 3208 quoque
1621 3126 1913 3192 codicum
1958 3127 2023 3188 R
2062 3130 2131 3191 et
2173 3129 2216 3203 β
2260 3124 2622 3192 certatione

301 3237 359 3304 is
410 3237 623 3304 victor
679 3236 970 3303 discedet
1028 3236 1138 3316 qui
1196 3236 1575 3317 plerumque
1625 3237 1862 3315 poetae
1923 3250 2182 3297 manum
2239 3231 2513 3297 retinuit
2556 3236 2627 3296 et

300 3345 547 3409 nullam
571 3345 680 3411 vel
697 3345 1024 3425 perlevem
1052 3344 1302 3410 cladem
1331 3340 1743 3408 librariorum
1768 3339 2027 3404 incuria
2052 3338 2328 3421 accepit,
2421 3339 2626 3420 Quem

300 3450 385 3515 ad
428 3450 621 3515 finem
657 3451 1112 3517 Ravennatem
1154 3450 1427 3531 primum
1466 3448 1566 3514 ita
1614 3448 1689 3512 in
1721 3446 2262 3528 disceptationem
2301 3465 2624 3529 vocemUS‚

300 3561 377 3623 ut
417 3575 528 3623 eos
566 3556 760 3639 locos,
820 3557 928 3637 qui
980 3557 1048 3622 in
1108 3558 1229 3623 hoc
1290 3557 1427 3621 solo
1474 3554 1623 3621 sani·
1658 3555 2067 3637 exhibentur,
2137 3553 2340 3620 oculis
2384 3552 2627 3620 nostris

300 3661 720 3731 subiciamus:
765 3682 826 3728 v.
872 3668 992 3727 196
1018 3665 1247 3745 σοφῶς
1284 3664 1294 3748 Ι
1334 3664 1489 3748 (cet.
1523 3665 1776 3747 σαφοῦς)
1816 3671 1824 3747 1
1863 3682 1924 3728 v.
1972 3665 2098 3726 354
2141 3653 2430 3746 ἀκράτου
2467 3661 2622 3746 (cet.

299 3767 618 3858 ἄκρατον)
660 3774 668 3849 Ι
704 3788 767 3837 V.
802 3774 925 3835 377
969 3765 1106 3836 εἶτα
1142 3765 1198 3834 δ’
1238 3785 1244 3848 1
1284 3788 1346 3836 V.
1391 3774 1518 3836 412
1563 3770 1827 3835 παιδίου
1867 3770 2022 3855 (cet.
2061 3767 2376 3852 παιδίων)
2414 3770 2425 3850 Ι
2463 3789 2619 3851 γομ-

300 3872 569 3962 φούμεν’
596 3868 763 3942 αὐτά
801 3893 862 3942 V.
909 3880 1035 3941 564
1075 3871 1400 3962 παρεστὸς
1439 3871 1810 3961 (παρεστώς
1849 3874 2005 3958 cet.)
2045 3877 2054 3959 Ι
2091 3892 2152 3938 V.
2199 3876 2322 3937 569
2370 3866 2454 3937 ου’
2499 3896 2622 3957 γαρ

303 3978 515 4059 οὐδεὶς
535 3978 794 4049 πώποτ’
832 3982 843 4069 1
881 4001 943 4049 V.
970 3988 1091 4048 '7¹76
1142 3982 1682 4068 xapcolpmvfspet.
1724 3979 2125 4067 χαριζοίμην)
2165 3980 2174 4062 Ι
2212 3997 2276 4046 V.
2327 3985 2450 4045 '787
2483 3981 2619 4066 τοιΙ

300 4108 362 4157 v.
412 4093 535 4153 901
578 4078 849 4155 ommi
887 4088 898 4174 ι
937 4107 998 4155 v.
1041 4094 1167 4155 970
1214 4082 1329 4155 ἐάν
1370 4094 1379 4173 1
1418 4108 1480 4155 v.
1518 4094 1682 4154 1087
1711 4080 1938 4173 φράζει
1978 4113 1984 4158 ;
2023 4104 2085 4153 v.
2132 4090 2296 4151 1256
2354 4083 2620 4172 ἔσομαιι

301 4213 364 4261 V.
430 4197 595 4257 1319
649 4184 706 4257 ὦ
744 4207 886 4273 ταῖς
937 4193 1137 4280 ἱεραῖς
1194 4195 1429 4281 φέγγος
1480 4189 1784 4281 Ἀθήναις
1854 4194 1961 4256 καί
2013 4202 2155 4268 ταῖς
2217 4184 2438 4278 νήσοις
2489 4191 2622 4257 ἐπί-

303 4320 522 4383 κουρε.
