3015 4740
1137 452 1952 571 THESES.

1428 715 1633 725 ————

1503 931 1558 996 Ι.

582 1061 689 1127 Ad
733 1057 1132 1141 Thucydidis
1186 1060 1441 1124 textum
1496 1060 1965 1127 recensendum
2028 1062 2421 1131 Vaticanum
2466 1066 2577 1153 (Β)
2625 1072 2700 1132 et

375 1170 889 1238 Laurentianum
933 1166 1041 1252 (O)
1082 1185 1212 1232 non
1254 1165 1417 1232 satis
1454 1184 1598 1232 esse
1641 1175 1815 1249 puto.

1483 1339 1576 1409 ΙΙ.

579 1440 847 1557 Anaeae
892 1465 1148 1533 Tactici
1199 1465 1358 1531 folia
1412 1467 1564 1532 olim
1624 1470 1805 1547 (ante
1864 1468 1910 1532 J
1913 1468 2110 1534 ulium
2154 1470 2535 1538 Romanum)
2582 1472 2696 1537 de-

378 1579 654 1645 turbata
696 1595 838 1643 esse
897 1575 1279 1658 singulaque
1335 1575 1556 1656 capita
1620 1576 1714 1640 sic
1756 1575 2116 1641 ordinanda
2163 1594 2304 1641 csse
2352 1577 2693 1643 existimo:

377 1706 498 1768 cap
546 1690 730 1767 1--5,
779 1690 1055 1766 28—31,
1098 1688 1196 1767 17,
1232 1688 1422 1748 6-7,
1471 1689 1745 1765 18-27,
1798 1688 2029 1765 8-16,
2080 1689 2353 1765 32n—40,
2405 1770 2410 1771 ἶ

1409 1914 1415 1923 ,
1463 1852 1590 1918 ΠΙ.

374 1985 667 2067 Plautus
689 1981 861 2048 Men.
890 1986 1015 2048 286
1041 2007 1052 2047 :
1092 2002 1132 2063 p
1150 2000 1186 2046 e
1202 2000 1244 2046 n
1261 1981 1284 2044 i
1301 2000 1334 2045 c
1351 2000 1392 2045 u
1409 1981 1433 2045 l
1448 2001 1490 2046 ιι
1504 2001 1568 2045 m
1592 2000 1702 2046 me
1720 2001 1817 2048 cu
1833 2002 1896 2047 m
1928 1982 2334 2049 scribendum
2358 1986 2480 2048 est.

1466 2151 1583 2219 IV.

680 2281 878 2347 Poen.
906 2284 1060 2346 477:
1094 2266 1209 2345 ib'i
1236 2278 1437 2346 ilico
1465 2298 1509 2346 a
1528 2279 1765 2346 Plauto
1787 2279 2008 2345 datum
2025 2283 2167 2345 e'sse
2192 2278 2540 2346 verisimile
2565 2281 2693 2343 est.

1491 2452 1572 2519 V.

680 2582 951 2658 Mercat.
986 2585 1139 2648 149:
1183 2579 1547 2647 rectissime
1572 2600 1654 2647 ex
1677 2581 1957 2647 Bcodice
1980 2600 2205 2649 versus
2225 2549 2502 2672 iegitur:
2525 2583 2688 2647 cedo

1200 2687 1358 2753 mihi
1402 2692 1585 2753 tuam
1629 2688 1956 2754 dextram:
1987 2689 2294 2780 *agedum
2335 2689 2687 2755 Acanthio,

1203 2795 1346 2859 Ac:
1384 2794 1510 2880 En,
1554 2795 1844 2862 dabitur:
1890 2801 2059 2862 tene,

1467 2966 1584 3037 VI.

677 3093 950 3160 Mercat.
988 3098 1141 3196 155:
1184 3111 1267 3160 ex
1291 3095 1543 3179 scisset,
1586 3096 1755 3177 quod
1777 3096 1846 3162 in
1867 3096 2148 3163 Bcodice
2172 3097 2469 3182 habetur,
2516 3098 2686 3165 scis

1204 3220 1236 3270 s
1253 3202 1328 3269 ei
1371 3202 1723 3270 eruendum
1762 3207 1882 3271 est.

1430 3439 1435 3444 .
1455 3373 1606 3440 VH.

673 3497 889 3565 Pseud
915 3502 1069 3565 171:
1113 3497 1403 3566 dicere
1432 3516 1699 3583 paene
1736 3498 2063 3568 oblitus
2097 3500 2246 3587 fui,
2290 3504 2550 3584 poetam
2571 3501 2682 3569 de-

1167 3605 1340 3675 disse
1380 3606 1716 3691 probabile
1757 3610 1879 3679 est.

1417 3778 1608 3846 VIII.

671 3896 873 3966 Bach.
897 3903 1057 3967 833:
1084 3901 1721 3988 Forempauxill
1739 3924 1861 3973 um
1882 3906 2122 3990 hanc,
2150 3905 2497 3989 genuinam
2518 3905 2679 4009 scri-

1117 4012 1379 4093 pturam
1422 4030 1567 4082 esse
1612 4031 1863 4083 cense0.
