3015 4740
1184 846 1701 951 VITA.

1286 1083 1595 1093 ———-—-

497 1286 875 1368 Rudolphus
926 1285 1179 1350 Schnee
1236 1286 1435 1348 natus
1478 1301 1619 1347 sum
1661 1281 2135 1363 Witteubergii
2179 1282 2239 1348 d.
2276 1282 2400 1348 ΠΙ.
2444 1282 2598 1348 Jan.

286 1414 377 1459 m.
430 1413 491 1459 a.
551 1396 613 1460 h.
671 1413 721 1460 s.
779 1393 963 1459 LIII.
1024 1396 1216 1473 patre
1255 1390 1597 1471 Rudolpho
1640 1394 1868 1467 {matre
1929 1389 2285 1455 Ludowica
2330 1409 2366 1455 e
2410 1395 2609 1472 gente

286 1501 706 1584 Hageniana.
765 1501 956 1566 fidem
999 1498 1309 1581 profiteor
1333 1499 1798 1582 evangelicam.
1844 1498 2251 1564 Litterarum
2274 1499 2615 1594 elementis

288 1609 637 1690 disciplina
679 1608 943 1690 privata
984 1607 1287 1687 imbutuS‚
1335 1607 1671 1672 duodecim
1719 1625 1929 1673 annos
1973 1610 2168 1672 natus
2200 1607 2608 1688 gymnasium

291 1714 654 1781 Olsn'eense
685 1714 819 1780 adii
843 1718 911 1780 et
935 1733 1054 1795 per
1074 1717 1323 1795 septem
1344 1732 1550 1779 annos
1576 1714 2010 1795 frequentavi.
2053 1713 2242 1780 Unde
2266 1734 2325 1782 a.
2348 1713 2618 1779 LXXII.

288 1820 700 1886 maturitatis
742 1820 1183 1886 testimonium
1239 1820 1522 1900 adeptus
1581 1839 1725 1885 cum
1781 1820 2248 1885 Vratislaviam
2304 1838 2405 1886 me
2462 1838 2610 1885 con-

288 1927 612 2008 tulissem,
658 1928 899 1992 scholis
943 1927 1218 1993 interfui
1258 1945 1364 1995 vv,
1412 1926 1520 1992 cll.
1564 1927 1784 2010 Herzi,
1828 1927 2356 2011 Reifferscheidi‚
2399 1928 2609 2010 Roep-

289 2033 474 2116 pelli,
516 2035 892 2117 Rossbachi,
936 2034 1214 2117 Schulzi,
1256 2033 1599 2101 Stenzleri.
1646 2036 1758 2100 ubi
1793 2034 2133 2117 postquam
2162 2041 2266 2100 ter
2302 2035 2399 2101 VI
2436 2055 2608 2101 men-

293 2160 404 2208 ses
457 2142 638 2224 degi,
695 2143 1067 2207 Berolinum
1124 2143 1593 2225 transmigravi
1640 2148 1710 2208 et
1763 2162 1881 2223 per
1936 2143 2150 2208 sexies
2211 2143 2303 2208 VI
2358 2161 2613 2209 menses

293 2249 553 2315 scholas
590 2225 723 2314 adii
764 2268 871 2316 vv.
902 2250 1022 2322 ,clL
1069 2250 1349 2332 Bonitzi,
1397 2250 1604 2331 Curti,
1652 2250 2013 2332 Droyseni,
2060 2250 2343 2332 Haupti,
2388 2250 2609 2317 Hueb-

292 2354 436 2422 neri
454 2405 473 2438 ,
531 2355 825 2438 Kiperti,
902 2355 1265 2421 Kirchhoffi
1287 2404 1303 2437 ,
1360 2355 1634 2438 Lazari,
1678 2355 2091 2439 Mommseni,
2129 2356 2610 2442 Muellenhoffi‚

286 2462 664 2544 Steinthali,
689 2462 987 2544 Vahleni,
1018 2462 1277 2527 Zelleri.
1347 2463 1427 2527 Iu
1466 2464 1809 2529 seminario
1830 2464 2217 2548 philologico
2248 2464 2613 2532 Kirchhoffi

289 2570 573 2637 Vahleni
610 2570 905 2637 doctriua
946 2588 1063 2651 per
1107 2572 1339 2649 quater
1382 2570 1479 2635 VI
1548 2588 1810 2636 menses
1861 2571 2114 2637 fructus
2172 2590 2328 2637 sum.
2415 2572 2613 2638 Prae-

287 2683 480 2744 terea
520 2678 836 2743 Bonitzus
878 2678 963 2743 ad
1018 2677 1515 2759 AristotelicaS,
1587 2677 1855 2744 Curtius
1913 2678 1999 2743 ad
2059 2678 2608 2761 archaeologicaS‚

292 2783 682 2849 Huebnerus
720 2774 827 2848 ad'
849 2783 1296 2866 philologicos,
1334 2783 1768 2849 Mommsenus
1790 2785 1876 2849 ad
1904 2785 2250 2868 Romanas,
2296 2784 2612 2851 Muellen-

292 2888 506 2958 hoffus
546 2890 632 2956 ad
676 2890 1091 2973 Theodiscas,
1137 2890 1433 2956 Zellerus
1473 2876 1560 2956 ad
1598 2890 2074 2973 philosophicas
2108 2891 2614 2959 exercitationes

294 2996 548 3062 aditum
587 2997 745 3062 mihi
785 2996 1066 3080 benigne
1105 2997 1559 3078 permiserunt.
1651 2998 1898 3081 Quibus
1920 2999 2452 3082 praeceptoribus
2482 3018 2612 3066 om-

294 3103 487 3170 nibus
527 3101 785 3186 gratius
823 3121 951 3187 ago
995 3121 1188 3183 quam
1229 3103 1562 3171 maximas.

504 3230 748 3314 Scripsi
789 3230 1078 3297 Berolini
1123 3230 1210 3297 id.
1256 3236 1381 3296 oct.
1427 3251 1489 3298 a.
1535 3234 1599 3300 h.
1641 3252 1691 3300 s.
1738 3233 2049 3301 LXXVI.

1250 3472 1654 3483 ..---..--.
