<?xml version="1.0" encoding="UTF-8"?>
<!DOCTYPE html PUBLIC "-//W3C//DTD XHTML 1.0 Transitional//EN"
    "http://www.w3.org/TR/xhtml1/DTD/xhtml1-transitional.dtd">
<html xmlns="http://www.w3.org/1999/xhtml" xml:lang="en" lang="en">
 <head>
  <title>
</title>
<meta http-equiv="Content-Type" content="text/html;charset=utf-8" />
  <meta name='ocr-system' content='tesseract 3.04.00' />
  <meta name='ocr-capabilities' content='ocr_page ocr_carea ocr_par ocr_line ocrx_word'/>
</head>
<body>
  <div class='ocr_page' id='page_1' title='image "./dearistophanisc00schngoog_0007.png"; bbox 0 0 3015 4740; ppageno 0'>
   <div class='ocr_carea' id='block_1_1' title="bbox 34 3625 83 4318">
    <p class='ocr_par' dir='ltr' id='par_1_1' title="bbox 34 3625 83 4318">
     <span class='ocr_line' id='line_1_1' title="bbox 34 3625 83 4318; textangle 90"><span class='ocrx_word' id='word_1_1' title='bbox 46 4187 80 4318; x_wconf 61' lang='grc' dir='ltr'>..Ξ-1-</span> <span class='ocrx_word' id='word_1_2' title='bbox 34 3841 79 4170; x_wconf 50' lang='grc' dir='ltr'><strong>.·Πᾞῑῦ-’ῠῖῡ</strong></span> <span class='ocrx_word' id='word_1_3' title='bbox 48 3729 83 3790; x_wconf 57' lang='grc' dir='ltr'><strong>,αι</strong></span> <span class='ocrx_word' id='word_1_4' title='bbox 64 3625 79 3670; x_wconf 68' lang='grc' dir='ltr'><strong>,η</strong></span> 
     </span>
    </p>
   </div>
   <div class='ocr_carea' id='block_1_2' title="bbox 366 1198 2693 1654">
    <p class='ocr_par' dir='ltr' id='par_1_2' title="bbox 366 1198 2693 1654">
     <span class='ocr_line' id='line_1_2' title="bbox 576 1198 2688 1335; baseline -0.004 -12"><span class='ocrx_word' id='word_1_5' title='bbox 576 1198 771 1323; x_wconf 72' lang='lat' dir='ltr'><strong>Tum</strong></span> <span class='ocrx_word' id='word_1_6' title='bbox 814 1256 1020 1322; x_wconf 90' lang='lat' dir='ltr'><strong>solum</strong></span> <span class='ocrx_word' id='word_1_7' title='bbox 1071 1253 1141 1319; x_wconf 92' lang='lat' dir='ltr'><strong>in</strong></span> <span class='ocrx_word' id='word_1_8' title='bbox 1185 1251 1613 1335; x_wconf 79' lang='lat' dir='ltr'>scriptoribus</span> <span class='ocrx_word' id='word_1_9' title='bbox 1631 1301 1648 1335; x_wconf 99' lang='lat'><strong>,</strong></span> <span class='ocrx_word' id='word_1_10' title='bbox 1709 1270 1854 1318; x_wconf 92' lang='lat' dir='ltr'><strong>cum</strong></span> <span class='ocrx_word' id='word_1_11' title='bbox 1912 1249 2136 1316; x_wconf 86' lang='lat' dir='ltr'><strong>fructu</strong></span> <span class='ocrx_word' id='word_1_12' title='bbox 2194 1267 2392 1331; x_wconf 87' lang='lat' dir='ltr'><strong>opera</strong></span> <span class='ocrx_word' id='word_1_13' title='bbox 2453 1248 2688 1315; x_wconf 90' lang='lat' dir='ltr'><strong>critica</strong></span> 
     </span>
     <span class='ocr_line' id='line_1_3' title="bbox 370 1351 2687 1440; baseline -0.004 -15"><span class='ocrx_word' id='word_1_14' title='bbox 370 1357 853 1440; x_wconf 90' lang='lat' dir='ltr'><strong>conlocabitur,</strong></span> <span class='ocrx_word' id='word_1_15' title='bbox 911 1356 970 1422; x_wconf 91' lang='lat' dir='ltr'><strong>si</strong></span> <span class='ocrx_word' id='word_1_16' title='bbox 1026 1356 1107 1422; x_wconf 91' lang='lat' dir='ltr'><strong>de</strong></span> <span class='ocrx_word' id='word_1_17' title='bbox 1150 1353 1478 1421; x_wconf 81' lang='lat' dir='ltr'><strong>codicibus</strong></span> <span class='ocrx_word' id='word_1_18' title='bbox 1491 1402 1509 1436; x_wconf 95' lang='lat'><strong>,</strong></span> <span class='ocrx_word' id='word_1_19' title='bbox 1568 1353 1639 1418; x_wconf 87' lang='lat' dir='ltr'><strong>in</strong></span> <span class='ocrx_word' id='word_1_20' title='bbox 1696 1351 1929 1433; x_wconf 90' lang='lat' dir='ltr'><strong>quibus</strong></span> <span class='ocrx_word' id='word_1_21' title='bbox 1972 1351 2073 1418; x_wconf 84' lang='lat' dir='ltr'><strong>ini</strong></span> <span class='ocrx_word' id='word_1_22' title='bbox 2113 1353 2425 1436; x_wconf 83' lang='lat' dir='ltr'><strong>leguntur</strong></span> <span class='ocrx_word' id='word_1_23' title='bbox 2441 1401 2458 1435; x_wconf 95' lang='lat'><strong>,</strong></span> <span class='ocrx_word' id='word_1_24' title='bbox 2502 1353 2687 1416; x_wconf 90' lang='lat' dir='ltr'><strong>recte</strong></span> 
     </span>
     <span class='ocr_line' id='line_1_4' title="bbox 366 1455 2692 1544; baseline -0.003 -14"><span class='ocrx_word' id='word_1_25' title='bbox 366 1464 670 1532; x_wconf 90' lang='lat' dir='ltr'><strong>iudicium</strong></span> <span class='ocrx_word' id='word_1_26' title='bbox 702 1463 780 1530; x_wconf 88' lang='lat' dir='ltr'><strong>fit</strong></span> <span class='ocrx_word' id='word_1_27' title='bbox 803 1481 1147 1544; x_wconf 80' lang='lat' dir='ltr'><strong>quamnam</strong></span> <span class='ocrx_word' id='word_1_28' title='bbox 1171 1460 1638 1528; x_wconf 89' lang='lat' dir='ltr'><strong>auctoritatem</strong></span> <span class='ocrx_word' id='word_1_29' title='bbox 1671 1463 2064 1527; x_wconf 90' lang='lat' dir='ltr'><strong>mereantur.</strong></span> <span class='ocrx_word' id='word_1_30' title='bbox 2153 1459 2361 1542; x_wconf 79' lang='lat' dir='ltr'><strong>Quem</strong></span> <span class='ocrx_word' id='word_1_31' title='bbox 2390 1457 2477 1525; x_wconf 90' lang='lat' dir='ltr'><strong>ad</strong></span> <span class='ocrx_word' id='word_1_32' title='bbox 2496 1455 2692 1523; x_wconf 89' lang='lat' dir='ltr'><strong>finem</strong></span> 
     </span>
     <span class='ocr_line' id='line_1_5' title="bbox 369 1564 2693 1654; baseline -0.003 -15"><span class='ocrx_word' id='word_1_33' title='bbox 369 1572 451 1639; x_wconf 88' lang='lat' dir='ltr'><strong>de</strong></span> <span class='ocrx_word' id='word_1_34' title='bbox 490 1571 831 1654; x_wconf 88' lang='lat' dir='ltr'><strong>universis,</strong></span> <span class='ocrx_word' id='word_1_35' title='bbox 872 1571 930 1637; x_wconf 87' lang='lat' dir='ltr'><strong>si</strong></span> <span class='ocrx_word' id='word_1_36' title='bbox 971 1568 1114 1635; x_wconf 89' lang='lat' dir='ltr'><strong>fieri</strong></span> <span class='ocrx_word' id='word_1_37' title='bbox 1147 1571 1388 1651; x_wconf 84' lang='lat' dir='ltr'><strong>potest,</strong></span> <span class='ocrx_word' id='word_1_38' title='bbox 1430 1567 1621 1635; x_wconf 89' lang='lat' dir='ltr'><strong>unius</strong></span> <span class='ocrx_word' id='word_1_39' title='bbox 1664 1567 1971 1648; x_wconf 90' lang='lat' dir='ltr'><strong>cuiusque</strong></span> <span class='ocrx_word' id='word_1_40' title='bbox 1997 1566 2335 1650; x_wconf 88' lang='lat' dir='ltr'><strong>scriptoris</strong></span> <span class='ocrx_word' id='word_1_41' title='bbox 2365 1564 2693 1633; x_wconf 80' lang='lat' dir='ltr'><strong>codicibus</strong></span> 
     </span>
    </p>
   </div>
   <div class='ocr_carea' id='block_1_3' title="bbox 233 1678 1124 1762">
    <p class='ocr_par' dir='ltr' id='par_1_3' title="bbox 233 1678 1124 1762">
     <span class='ocr_line' id='line_1_6' title="bbox 233 1678 1124 1762; baseline -0.013 -11"><span class='ocrx_word' id='word_1_42' title='bbox 233 1756 241 1762; x_wconf 64' lang='grc'><strong><em>,</em></strong></span> <span class='ocrx_word' id='word_1_43' title='bbox 344 1678 754 1760; x_wconf 69' lang='lat' dir='ltr'><strong>quaestione</strong></span> <span class='ocrx_word' id='word_1_44' title='bbox 797 1693 957 1758; x_wconf 89' lang='lat' dir='ltr'><strong>opus</strong></span> <span class='ocrx_word' id='word_1_45' title='bbox 1001 1678 1124 1741; x_wconf 87' lang='lat' dir='ltr'><strong>est.</strong></span> 
     </span>
    </p>
   </div>
   <div class='ocr_carea' id='block_1_4' title="bbox 368 1797 2708 1998">
    <p class='ocr_par' dir='ltr' id='par_1_4' title="bbox 368 1797 2708 1998">
     <span class='ocr_line' id='line_1_7' title="bbox 578 1797 2708 1899; baseline -0.013 -9"><span class='ocrx_word' id='word_1_46' title='bbox 578 1806 854 1889; x_wconf 71' lang='lat' dir='ltr'><strong>Qualem</strong></span> <span class='ocrx_word' id='word_1_47' title='bbox 895 1821 1040 1870; x_wconf 79' lang='lat' dir='ltr'><strong>cum</strong></span> <span class='ocrx_word' id='word_1_48' title='bbox 1080 1801 1240 1899; x_wconf 86' lang='lat' dir='ltr'><strong>alibi</strong></span> <span class='ocrx_word' id='word_1_49' title='bbox 1282 1810 1422 1868; x_wconf 90' lang='lat' dir='ltr'><strong>tum</strong></span> <span class='ocrx_word' id='word_1_50' title='bbox 1475 1801 1547 1867; x_wconf 89' lang='lat' dir='ltr'><strong>in</strong></span> <span class='ocrx_word' id='word_1_51' title='bbox 1584 1799 2047 1884; x_wconf 78' lang='lat' dir='ltr'><strong>Aristophanis</strong></span> <span class='ocrx_word' id='word_1_52' title='bbox 2103 1798 2362 1891; x_wconf 31' lang='lat' dir='ltr'><strong>fabulis·</strong></span> <span class='ocrx_word' id='word_1_53' title='bbox 2403 1797 2708 1891; x_wconf 4' lang='lat' dir='ltr'><strong>nondum,</strong></span> 
     </span>
     <span class='ocr_line' id='line_1_8' title="bbox 368 1908 2696 1998; baseline -0.023 -16"><span class='ocrx_word' id='word_1_54' title='bbox 368 1913 744 1981; x_wconf 86' lang='lat' dir='ltr'><strong>institutam</strong></span> <span class='ocrx_word' id='word_1_55' title='bbox 782 1929 927 1981; x_wconf 86' lang='lat' dir='ltr'><strong>esse</strong></span> <span class='ocrx_word' id='word_1_56' title='bbox 968 1909 1179 1979; x_wconf 84' lang='lat' dir='ltr'><strong>video.</strong></span> <span class='ocrx_word' id='word_1_57' title='bbox 1192 1909 1241 1998; x_wconf 92' lang='lat'><strong>¹)</strong></span> <span class='ocrx_word' id='word_1_58' title='bbox 2691 1908 2696 1913; x_wconf 77' lang='lat'><strong>,</strong></span> 
     </span>
    </p>
   </div>
   <div class='ocr_carea' id='block_1_5' title="bbox 368 2033 2702 3634">
    <p class='ocr_par' dir='ltr' id='par_1_5' title="bbox 368 2033 2702 3634">
     <span class='ocr_line' id='line_1_9' title="bbox 577 2033 2689 2123; baseline -0.005 -13"><span class='ocrx_word' id='word_1_59' title='bbox 577 2043 710 2110; x_wconf 85' lang='lat' dir='ltr'><strong>Sed</strong></span> <span class='ocrx_word' id='word_1_60' title='bbox 764 2040 956 2108; x_wconf 87' lang='lat' dir='ltr'><strong>buius</strong></span> <span class='ocrx_word' id='word_1_61' title='bbox 1010 2043 1246 2123; x_wconf 88' lang='lat' dir='ltr'><strong>poetae</strong></span> <span class='ocrx_word' id='word_1_62' title='bbox 1311 2037 1531 2104; x_wconf 87' lang='lat' dir='ltr'><strong>textui</strong></span> <span class='ocrx_word' id='word_1_63' title='bbox 1583 2056 1666 2104; x_wconf 91' lang='lat' dir='ltr'><strong>ne</strong></span> <span class='ocrx_word' id='word_1_64' title='bbox 1727 2036 1797 2104; x_wconf 92' lang='lat' dir='ltr'><strong>id</strong></span> <span class='ocrx_word' id='word_1_65' title='bbox 1864 2036 2124 2118; x_wconf 90' lang='lat' dir='ltr'><strong>quidem</strong></span> <span class='ocrx_word' id='word_1_66' title='bbox 2179 2035 2455 2121; x_wconf 81' lang='lat' dir='ltr'><strong>profuit,</strong></span> <span class='ocrx_word' id='word_1_67' title='bbox 2518 2033 2689 2117; x_wconf 91' lang='lat' dir='ltr'><strong>quod</strong></span> 
     </span>
     <span class='ocr_line' id='line_1_10' title="bbox 368 2142 2690 2233; baseline -0.004 -17"><span class='ocrx_word' id='word_1_68' title='bbox 368 2151 625 2217; x_wconf 89' lang='lat' dir='ltr'><strong>illorum</strong></span> <span class='ocrx_word' id='word_1_69' title='bbox 669 2153 936 2233; x_wconf 89' lang='lat' dir='ltr'><strong>praeter</strong></span> <span class='ocrx_word' id='word_1_70' title='bbox 988 2147 1446 2214; x_wconf 83' lang='lat' dir='ltr'><strong>Ravennatem</strong></span> <span class='ocrx_word' id='word_1_71' title='bbox 1500 2148 1572 2210; x_wconf 92' lang='lat' dir='ltr'><strong>et</strong></span> <span class='ocrx_word' id='word_1_72' title='bbox 1624 2143 1951 2212; x_wconf 90' lang='lat' dir='ltr'><strong>Venetum</strong></span> <span class='ocrx_word' id='word_1_73' title='bbox 2009 2144 2344 2228; x_wconf 88' lang='lat' dir='ltr'><strong>librorum,</strong></span> <span class='ocrx_word' id='word_1_74' title='bbox 2404 2142 2516 2226; x_wconf 92' lang='lat' dir='ltr'><strong>qui</strong></span> <span class='ocrx_word' id='word_1_75' title='bbox 2561 2160 2690 2209; x_wconf 91' lang='lat' dir='ltr'><strong>uno</strong></span> 
     </span>
     <span class='ocr_line' id='line_1_11' title="bbox 369 2249 2691 2338; baseline -0.002 -15"><span class='ocrx_word' id='word_1_76' title='bbox 369 2255 626 2323; x_wconf 91' lang='lat' dir='ltr'><strong>nomine</strong></span> <span class='ocrx_word' id='word_1_77' title='bbox 674 2253 1117 2338; x_wconf 87' lang='lat' dir='ltr'><strong>„deteriores“</strong></span> <span class='ocrx_word' id='word_1_78' title='bbox 1162 2272 1204 2320; x_wconf 95' lang='lat' dir='ltr'><strong>a</strong></span> <span class='ocrx_word' id='word_1_79' title='bbox 1246 2250 1408 2320; x_wconf 87' lang='lat' dir='ltr'><strong>viris</strong></span> <span class='ocrx_word' id='word_1_80' title='bbox 1448 2251 1663 2317; x_wconf 91' lang='lat' dir='ltr'><strong>doctis</strong></span> <span class='ocrx_word' id='word_1_81' title='bbox 1698 2251 2022 2333; x_wconf 88' lang='lat' dir='ltr'><strong>appellari</strong></span> <span class='ocrx_word' id='word_1_82' title='bbox 2057 2253 2291 2334; x_wconf 81' lang='lat' dir='ltr'><strong>solent,</strong></span> <span class='ocrx_word' id='word_1_83' title='bbox 2336 2251 2476 2318; x_wconf 88' lang='lat' dir='ltr'><strong>fere</strong></span> <span class='ocrx_word' id='word_1_84' title='bbox 2507 2249 2691 2318; x_wconf 86' lang='lat' dir='ltr'><strong>nulla</strong></span> 
     </span>
     <span class='ocr_line' id='line_1_12' title="bbox 370 2356 2691 2440; baseline -0.002 -10"><span class='ocrx_word' id='word_1_85' title='bbox 370 2363 621 2440; x_wconf 68' lang='lat' dir='ltr'><strong>habita,</strong></span> <span class='ocrx_word' id='word_1_86' title='bbox 642 2365 745 2429; x_wconf 87' lang='lat' dir='ltr'><strong>est</strong></span> <span class='ocrx_word' id='word_1_87' title='bbox 786 2361 977 2427; x_wconf 88' lang='lat' dir='ltr'><strong>ratio.</strong></span> <span class='ocrx_word' id='word_1_88' title='bbox 1064 2359 1232 2426; x_wconf 91' lang='lat' dir='ltr'><strong>Nam</strong></span> <span class='ocrx_word' id='word_1_89' title='bbox 1289 2357 1338 2424; x_wconf 92' lang='lat' dir='ltr'><strong>ii</strong></span> <span class='ocrx_word' id='word_1_90' title='bbox 1394 2375 1648 2438; x_wconf 91' lang='lat' dir='ltr'><strong>quoque</strong></span> <span class='ocrx_word' id='word_1_91' title='bbox 1664 2406 1681 2438; x_wconf 90' lang='lat'><strong>,</strong></span> <span class='ocrx_word' id='word_1_92' title='bbox 1741 2357 1800 2423; x_wconf 90' lang='lat' dir='ltr'><strong>si</strong></span> <span class='ocrx_word' id='word_1_93' title='bbox 1842 2358 2009 2425; x_wconf 88' lang='lat' dir='ltr'><strong>satis</strong></span> <span class='ocrx_word' id='word_1_94' title='bbox 2065 2377 2221 2426; x_wconf 90' lang='lat' dir='ltr'><strong>usus</strong></span> <span class='ocrx_word' id='word_1_95' title='bbox 2281 2356 2691 2426; x_wconf 82' lang='lat' dir='ltr'><strong>cautionibus</strong></span> 
     </span>
     <span class='ocr_line' id='line_1_13' title="bbox 370 2451 2690 2552; baseline -0.001 -17"><span class='ocrx_word' id='word_1_96' title='bbox 370 2469 718 2537; x_wconf 89' lang='lat' dir='ltr'><strong>restrictus</strong></span> <span class='ocrx_word' id='word_1_97' title='bbox 763 2471 866 2534; x_wconf 87' lang='lat' dir='ltr'><strong>est</strong></span> <span class='ocrx_word' id='word_1_98' title='bbox 883 2517 899 2550; x_wconf 93' lang='lat'><strong>,</strong></span> <span class='ocrx_word' id='word_1_99' title='bbox 957 2484 1087 2533; x_wconf 92' lang='lat' dir='ltr'><strong>non</strong></span> <span class='ocrx_word' id='word_1_100' title='bbox 1142 2464 1332 2546; x_wconf 84' lang='lat' dir='ltr'><strong>parvi</strong></span> <span class='ocrx_word' id='word_1_101' title='bbox 1375 2463 1576 2547; x_wconf 85' lang='lat' dir='ltr'><strong>pretii</strong></span> <span class='ocrx_word' id='word_1_102' title='bbox 1618 2468 1790 2531; x_wconf 90' lang='lat' dir='ltr'><strong>sunt.</strong></span> <span class='ocrx_word' id='word_1_103' title='bbox 1876 2451 2257 2552; x_wconf 55' lang='lat' dir='ltr'><strong>gPraeterea</strong></span> <span class='ocrx_word' id='word_1_104' title='bbox 2299 2466 2506 2533; x_wconf 90' lang='lat' dir='ltr'><strong>multo</strong></span> <span class='ocrx_word' id='word_1_105' title='bbox 2543 2483 2690 2533; x_wconf 86' lang='lat' dir='ltr'><strong>mea</strong></span> 
     </span>
     <span class='ocr_line' id='line_1_14' title="bbox 373 2570 2691 2658; baseline -0.001 -16"><span class='ocrx_word' id='word_1_106' title='bbox 373 2575 631 2656; x_wconf 91' lang='lat' dir='ltr'><strong>quidem</strong></span> <span class='ocrx_word' id='word_1_107' title='bbox 696 2573 995 2658; x_wconf 86' lang='lat' dir='ltr'><strong>opinione</strong></span> <span class='ocrx_word' id='word_1_108' title='bbox 1052 2570 1299 2637; x_wconf 91' lang='lat' dir='ltr'><strong>rectius</strong></span> <span class='ocrx_word' id='word_1_109' title='bbox 1366 2575 1472 2638; x_wconf 91' lang='lat' dir='ltr'><strong>est</strong></span> <span class='ocrx_word' id='word_1_110' title='bbox 1528 2571 1612 2637; x_wconf 92' lang='lat' dir='ltr'><strong>de</strong></span> <span class='ocrx_word' id='word_1_111' title='bbox 1672 2571 1947 2655; x_wconf 85' lang='lat' dir='ltr'><strong>singulis</strong></span> <span class='ocrx_word' id='word_1_112' title='bbox 2007 2573 2249 2641; x_wconf 89' lang='lat' dir='ltr'><strong>fabulis</strong></span> <span class='ocrx_word' id='word_1_113' title='bbox 2305 2573 2691 2657; x_wconf 81' lang='lat' dir='ltr'><strong>singillatim</strong></span> 
     </span>
     <span class='ocr_line' id='line_1_15' title="bbox 372 2678 2687 2764; baseline -0.001 -15"><span class='ocrx_word' id='word_1_114' title='bbox 372 2682 601 2764; x_wconf 91' lang='lat' dir='ltr'><strong>quaeri</strong></span> <span class='ocrx_word' id='word_1_115' title='bbox 647 2686 717 2748; x_wconf 91' lang='lat' dir='ltr'><strong>et</strong></span> <span class='ocrx_word' id='word_1_116' title='bbox 755 2679 1097 2764; x_wconf 85' lang='lat' dir='ltr'><strong>speciatim</strong></span> <span class='ocrx_word' id='word_1_117' title='bbox 1141 2678 1405 2745; x_wconf 88' lang='lat' dir='ltr'><strong>decerni</strong></span> <span class='ocrx_word' id='word_1_118' title='bbox 1447 2696 1642 2759; x_wconf 90' lang='lat' dir='ltr'><strong>quam</strong></span> <span class='ocrx_word' id='word_1_119' title='bbox 1669 2678 2072 2761; x_wconf 87' lang='lat' dir='ltr'><strong>generaliter</strong></span> <span class='ocrx_word' id='word_1_120' title='bbox 2094 2698 2227 2747; x_wconf 91' lang='lat' dir='ltr'><strong>una</strong></span> <span class='ocrx_word' id='word_1_121' title='bbox 2259 2681 2341 2747; x_wconf 90' lang='lat' dir='ltr'><strong>de</strong></span> <span class='ocrx_word' id='word_1_122' title='bbox 2373 2678 2687 2746; x_wconf 75' lang='lat' dir='ltr'><strong>omnibus,</strong></span> 
     </span>
     <span class='ocr_line' id='line_1_16' title="bbox 373 2784 2691 2870; baseline -0.001 -16"><span class='ocrx_word' id='word_1_123' title='bbox 373 2787 547 2870; x_wconf 80' lang='lat' dir='ltr'><strong>Quid</strong></span> <span class='ocrx_word' id='word_1_124' title='bbox 599 2787 767 2853; x_wconf 91' lang='lat' dir='ltr'><strong>enim</strong></span> <span class='ocrx_word' id='word_1_125' title='bbox 781 2787 815 2853; x_wconf 73' lang='grc' dir='ltr'>Ρ</span> <span class='ocrx_word' id='word_1_126' title='bbox 876 2787 1106 2853; x_wconf 92' lang='lat' dir='ltr'><strong>Nonne</strong></span> <span class='ocrx_word' id='word_1_127' title='bbox 1158 2784 1439 2867; x_wconf 83' lang='lat' dir='ltr'><strong>cogitari</strong></span> <span class='ocrx_word' id='word_1_128' title='bbox 1475 2787 1699 2866; x_wconf 90' lang='lat' dir='ltr'><strong>potest</strong></span> <span class='ocrx_word' id='word_1_129' title='bbox 1758 2785 1958 2852; x_wconf 91' lang='lat' dir='ltr'><strong>aliam</strong></span> <span class='ocrx_word' id='word_1_130' title='bbox 2010 2785 2081 2852; x_wconf 90' lang='lat' dir='ltr'><strong>in</strong></span> <span class='ocrx_word' id='word_1_131' title='bbox 2142 2785 2293 2854; x_wconf 90' lang='lat' dir='ltr'><strong>aliis</strong></span> <span class='ocrx_word' id='word_1_132' title='bbox 2346 2784 2691 2853; x_wconf 84' lang='lat' dir='ltr'><strong>comoediis</strong></span> 
     </span>
     <span class='ocr_line' id='line_1_17' title="bbox 373 2889 2688 2978; baseline -0 -19"><span class='ocrx_word' id='word_1_133' title='bbox 373 2892 550 2959; x_wconf 88' lang='lat' dir='ltr'><strong>inter</strong></span> <span class='ocrx_word' id='word_1_134' title='bbox 595 2892 886 2976; x_wconf 81' lang='lat' dir='ltr'><strong>singulos</strong></span> <span class='ocrx_word' id='word_1_135' title='bbox 925 2890 1400 2972; x_wconf 90' lang='lat' dir='ltr'><strong>manuscriptos</strong></span> <span class='ocrx_word' id='word_1_136' title='bbox 1439 2889 1851 2958; x_wconf 91' lang='lat' dir='ltr'><strong>intercedere</strong></span> <span class='ocrx_word' id='word_1_137' title='bbox 1876 2893 2288 2978; x_wconf 79' lang='lat' dir='ltr'><strong>cognationis</strong></span> <span class='ocrx_word' id='word_1_138' title='bbox 2316 2891 2637 2961; x_wconf 84' lang='lat' dir='ltr'><strong>rationem</strong></span> <span class='ocrx_word' id='word_1_139' title='bbox 2652 2890 2688 2958; x_wconf 69' lang='grc' dir='ltr'>Ρ</span> 
     </span>
     <span class='ocr_line' id='line_1_18' title="bbox 374 2997 2702 3085; baseline 0 -20"><span class='ocrx_word' id='word_1_140' title='bbox 374 3000 587 3083; x_wconf 78' lang='lat' dir='ltr'><strong>Quam</strong></span> <span class='ocrx_word' id='word_1_141' title='bbox 628 3001 711 3067; x_wconf 93' lang='lat' dir='ltr'><strong>ob</strong></span> <span class='ocrx_word' id='word_1_142' title='bbox 756 3015 1019 3065; x_wconf 88' lang='lat' dir='ltr'><strong>causam</strong></span> <span class='ocrx_word' id='word_1_143' title='bbox 1077 2997 1373 3078; x_wconf 89' lang='lat' dir='ltr'><strong>equidem</strong></span> <span class='ocrx_word' id='word_1_144' title='bbox 1437 2997 1752 3068; x_wconf 90' lang='lat' dir='ltr'><strong>constitui</strong></span> <span class='ocrx_word' id='word_1_145' title='bbox 1811 3000 1981 3065; x_wconf 87' lang='lat' dir='ltr'><strong>hanc</strong></span> <span class='ocrx_word' id='word_1_146' title='bbox 2040 3019 2179 3067; x_wconf 90' lang='lat' dir='ltr'><strong>rem</strong></span> <span class='ocrx_word' id='word_1_147' title='bbox 2231 2998 2702 3085; x_wconf 77' lang='lat' dir='ltr'><strong>gravissimam·</strong></span> 
     </span>
     <span class='ocr_line' id='line_1_19' title="bbox 369 3104 2693 3192; baseline 0.001 -20"><span class='ocrx_word' id='word_1_148' title='bbox 369 3104 471 3172; x_wconf 90' lang='lat' dir='ltr'><strong>ita</strong></span> <span class='ocrx_word' id='word_1_149' title='bbox 533 3106 604 3173; x_wconf 90' lang='lat' dir='ltr'><strong>in</strong></span> <span class='ocrx_word' id='word_1_150' title='bbox 666 3104 1209 3188; x_wconf 86' lang='lat' dir='ltr'><strong>disceptationem</strong></span> <span class='ocrx_word' id='word_1_151' title='bbox 1269 3106 1843 3187; x_wconf 87' lang='lat' dir='ltr'><strong>quaestionemque</strong></span> <span class='ocrx_word' id='word_1_152' title='bbox 1894 3125 2131 3176; x_wconf 86' lang='lat' dir='ltr'><strong>vocare</strong></span> <span class='ocrx_word' id='word_1_153' title='bbox 2147 3158 2164 3192; x_wconf 99' lang='lat'><strong>,</strong></span> <span class='ocrx_word' id='word_1_154' title='bbox 2222 3113 2301 3176; x_wconf 89' lang='lat' dir='ltr'><strong>ut</strong></span> <span class='ocrx_word' id='word_1_155' title='bbox 2343 3127 2386 3176; x_wconf 94' lang='lat' dir='ltr'><strong>a</strong></span> <span class='ocrx_word' id='word_1_156' title='bbox 2441 3108 2693 3176; x_wconf 89' lang='lat' dir='ltr'><strong>duabus</strong></span> 
     </span>
     <span class='ocr_line' id='line_1_20' title="bbox 378 3209 2690 3293; baseline 0.001 -15"><span class='ocrx_word' id='word_1_157' title='bbox 378 3211 638 3280; x_wconf 88' lang='lat' dir='ltr'><strong>fabulis.</strong></span> <span class='ocrx_word' id='word_1_158' title='bbox 727 3209 1076 3293; x_wconf 84' lang='lat' dir='ltr'><strong>Equitibus</strong></span> <span class='ocrx_word' id='word_1_159' title='bbox 1119 3213 1191 3275; x_wconf 91' lang='lat' dir='ltr'><strong>et</strong></span> <span class='ocrx_word' id='word_1_160' title='bbox 1233 3209 1547 3287; x_wconf 90' lang='lat' dir='ltr'><strong>Nubibus,</strong></span> <span class='ocrx_word' id='word_1_161' title='bbox 1591 3211 1949 3292; x_wconf 89' lang='lat' dir='ltr'><strong>separatim</strong></span> <span class='ocrx_word' id='word_1_162' title='bbox 2005 3214 2377 3281; x_wconf 85' lang='lat' dir='ltr'><strong>tractandis</strong></span> <span class='ocrx_word' id='word_1_163' title='bbox 2431 3212 2690 3280; x_wconf 91' lang='lat' dir='ltr'><strong>initium</strong></span> 
     </span>
     <span class='ocr_line' id='line_1_21' title="bbox 371 3315 2693 3402; baseline 0.001 -17"><span class='ocrx_word' id='word_1_164' title='bbox 371 3319 496 3386; x_wconf 87' lang='lat' dir='ltr'><strong>hoc</strong></span> <span class='ocrx_word' id='word_1_165' title='bbox 538 3318 680 3385; x_wconf 92' lang='lat' dir='ltr'><strong>loco</strong></span> <span class='ocrx_word' id='word_1_166' title='bbox 725 3317 978 3400; x_wconf 89' lang='lat' dir='ltr'><strong>capiam</strong></span> <span class='ocrx_word' id='word_1_167' title='bbox 994 3362 1011 3388; x_wconf 64' lang='grc'><strong>,</strong></span> <span class='ocrx_word' id='word_1_168' title='bbox 1081 3315 1362 3398; x_wconf 86' lang='lat' dir='ltr'><strong>Equites</strong></span> <span class='ocrx_word' id='word_1_169' title='bbox 1404 3319 1627 3383; x_wconf 90' lang='lat' dir='ltr'><strong>autem</strong></span> <span class='ocrx_word' id='word_1_170' title='bbox 1665 3316 1821 3382; x_wconf 89' lang='lat' dir='ltr'><strong>ideo</strong></span> <span class='ocrx_word' id='word_1_171' title='bbox 1864 3318 2058 3402; x_wconf 85' lang='lat' dir='ltr'><strong>elegi,</strong></span> <span class='ocrx_word' id='word_1_172' title='bbox 2102 3319 2255 3400; x_wconf 91' lang='lat' dir='ltr'><strong>quia</strong></span> <span class='ocrx_word' id='word_1_173' title='bbox 2295 3319 2693 3389; x_wconf 83' lang='lat' dir='ltr'><strong>Velseniana</strong></span> 
     </span>
     <span class='ocr_line' id='line_1_22' title="bbox 373 3421 2689 3511; baseline 0.001 -18"><span class='ocrx_word' id='word_1_174' title='bbox 373 3424 577 3493; x_wconf 90' lang='lat' dir='ltr'><strong>editio</strong></span> <span class='ocrx_word' id='word_1_175' title='bbox 620 3422 1193 3505; x_wconf 90' lang='lat' dir='ltr'><strong>locupletissimum</strong></span> <span class='ocrx_word' id='word_1_176' title='bbox 1255 3421 1566 3504; x_wconf 88' lang='lat' dir='ltr'><strong>nobisque</strong></span> <span class='ocrx_word' id='word_1_177' title='bbox 1608 3423 2026 3492; x_wconf 87' lang='lat' dir='ltr'><strong>utilissimum</strong></span> <span class='ocrx_word' id='word_1_178' title='bbox 2075 3430 2465 3511; x_wconf 88' lang='lat' dir='ltr'><strong>apparatum</strong></span> <span class='ocrx_word' id='word_1_179' title='bbox 2505 3447 2689 3511; x_wconf 89' lang='lat' dir='ltr'><strong>prae-</strong></span> 
     </span>
     <span class='ocr_line' id='line_1_23' title="bbox 375 3529 2690 3634; baseline 0 -36"><span class='ocrx_word' id='word_1_180' title='bbox 375 3532 490 3598; x_wconf 88' lang='lat' dir='ltr'><strong>bet</strong></span> <span class='ocrx_word' id='word_1_181' title='bbox 533 3529 863 3610; x_wconf 67' lang='lat' dir='ltr'><strong>criticum</strong></span> <span class='ocrx_word' id='word_1_182' title='bbox 927 3530 1150 3598; x_wconf 82' lang='lat' dir='ltr'><strong>Nubes</strong></span> <span class='ocrx_word' id='word_1_183' title='bbox 1196 3534 1455 3613; x_wconf 89' lang='lat' dir='ltr'><strong>contra,</strong></span> <span class='ocrx_word' id='word_1_184' title='bbox 1499 3531 1671 3611; x_wconf 91' lang='lat' dir='ltr'><strong>quod</strong></span> <span class='ocrx_word' id='word_1_185' title='bbox 1714 3531 1971 3599; x_wconf 89' lang='lat' dir='ltr'><strong>codices</strong></span> <span class='ocrx_word' id='word_1_186' title='bbox 2013 3533 2340 3634; x_wconf 49' lang='lat' dir='ltr'><strong>Venatum</strong></span> <span class='ocrx_word' id='word_1_187' title='bbox 2356 3585 2373 3618; x_wconf 93' lang='lat'><strong>,</strong></span> <span class='ocrx_word' id='word_1_188' title='bbox 2419 3535 2690 3601; x_wconf 85' lang='lat' dir='ltr'><strong>Ambro-</strong></span> 
     </span>
    </p>
   </div>
   <div class='ocr_carea' id='block_1_6' title="bbox 372 3635 2685 3826">
    <p class='ocr_par' dir='ltr' id='par_1_6' title="bbox 372 3635 2685 3826">
     <span class='ocr_line' id='line_1_24' title="bbox 375 3635 2685 3724; baseline 0.001 -20"><span class='ocrx_word' id='word_1_189' title='bbox 375 3638 645 3719; x_wconf 89' lang='lat' dir='ltr'><strong>sianum,</strong></span> <span class='ocrx_word' id='word_1_190' title='bbox 706 3637 867 3703; x_wconf 91' lang='lat' dir='ltr'><strong>duos</strong></span> <span class='ocrx_word' id='word_1_191' title='bbox 910 3635 1425 3720; x_wconf 86' lang='lat' dir='ltr'><strong>Laurentianos,</strong></span> <span class='ocrx_word' id='word_1_192' title='bbox 1487 3639 1771 3705; x_wconf 91' lang='lat' dir='ltr'><strong>nondum</strong></span> <span class='ocrx_word' id='word_1_193' title='bbox 1813 3640 1979 3707; x_wconf 89' lang='lat' dir='ltr'><strong>satis</strong></span> <span class='ocrx_word' id='word_1_194' title='bbox 2020 3646 2331 3709; x_wconf 90' lang='lat' dir='ltr'><strong>accurate</strong></span> <span class='ocrx_word' id='word_1_195' title='bbox 2372 3641 2685 3724; x_wconf 90' lang='lat' dir='ltr'><strong>conlatos,</strong></span> 
     </span>
     <span class='ocr_line' id='line_1_25' title="bbox 372 3741 1915 3826; baseline 0.005 -17"><span class='ocrx_word' id='word_1_196' title='bbox 372 3743 499 3826; x_wconf 87' lang='lat' dir='ltr'><strong>ipsi</strong></span> <span class='ocrx_word' id='word_1_197' title='bbox 542 3741 702 3810; x_wconf 87' lang='lat' dir='ltr'><strong>mihi</strong></span> <span class='ocrx_word' id='word_1_198' title='bbox 744 3758 916 3809; x_wconf 90' lang='lat' dir='ltr'><strong>anno</strong></span> <span class='ocrx_word' id='word_1_199' title='bbox 951 3743 1312 3824; x_wconf 87' lang='lat' dir='ltr'><strong>praeterito</strong></span> <span class='ocrx_word' id='word_1_200' title='bbox 1354 3749 1664 3812; x_wconf 87' lang='lat' dir='ltr'><strong>excutere</strong></span> <span class='ocrx_word' id='word_1_201' title='bbox 1706 3746 1915 3819; x_wconf 85' lang='lat' dir='ltr'><strong>licuit.</strong></span> 
     </span>
    </p>
   </div>
   <div class='ocr_carea' id='block_1_7' title="bbox 374 3895 887 3907">
    <p class='ocr_par' dir='ltr' id='par_1_7' title="bbox 374 3895 887 3907">
     <span class='ocr_line' id='line_1_26' title="bbox 374 3895 887 3907; baseline 0 833"><span class='ocrx_word' id='word_1_202' title='bbox 374 3895 887 3907; x_wconf 95' lang='lat' dir='ltr'><strong> </strong></span> 
     </span>
    </p>
   </div>
   <div class='ocr_carea' id='block_1_8' title="bbox 374 3990 2692 4419">
    <p class='ocr_par' dir='ltr' id='par_1_8' title="bbox 374 3990 2692 4419">
     <span class='ocr_line' id='line_1_27' title="bbox 587 3990 2687 4065; baseline 0.001 -17"><span class='ocrx_word' id='word_1_203' title='bbox 587 3994 628 4060; x_wconf 87' lang='lat'><strong>¹)</strong></span> <span class='ocrx_word' id='word_1_204' title='bbox 667 3993 794 4048; x_wconf 86' lang='lat' dir='ltr'><strong>Non</strong></span> <span class='ocrx_word' id='word_1_205' title='bbox 841 3990 953 4047; x_wconf 88' lang='lat' dir='ltr'><strong>nisi</strong></span> <span class='ocrx_word' id='word_1_206' title='bbox 994 3991 1341 4049; x_wconf 78' lang='lat' dir='ltr'><strong>Ravennatis</strong></span> <span class='ocrx_word' id='word_1_207' title='bbox 1373 3998 1446 4049; x_wconf 75' lang='lat' dir='ltr'><strong>et</strong></span> <span class='ocrx_word' id='word_1_208' title='bbox 1488 3996 1693 4051; x_wconf 83' lang='lat' dir='ltr'><strong>Veneti</strong></span> <span class='ocrx_word' id='word_1_209' title='bbox 1739 3995 1890 4051; x_wconf 83' lang='lat' dir='ltr'><strong>inter</strong></span> <span class='ocrx_word' id='word_1_210' title='bbox 1931 4007 1996 4052; x_wconf 88' lang='lat' dir='ltr'><strong>se</strong></span> <span class='ocrx_word' id='word_1_211' title='bbox 2042 3992 2514 4065; x_wconf 75' lang='lat' dir='ltr'><strong>propinquitatem</strong></span> <span class='ocrx_word' id='word_1_212' title='bbox 2554 3997 2687 4050; x_wconf 80' lang='lat' dir='ltr'><strong>ante</strong></span> 
     </span>
     <span class='ocr_line' id='line_1_28' title="bbox 377 4079 2689 4152; baseline 0.001 -17"><span class='ocrx_word' id='word_1_213' title='bbox 377 4081 639 4136; x_wconf 86' lang='lat' dir='ltr'><strong>undecim</strong></span> <span class='ocrx_word' id='word_1_214' title='bbox 676 4095 858 4137; x_wconf 82' lang='lat' dir='ltr'><strong>annos</strong></span> <span class='ocrx_word' id='word_1_215' title='bbox 890 4080 1241 4149; x_wconf 77' lang='lat' dir='ltr'><strong>Bambergus</strong></span> <span class='ocrx_word' id='word_1_216' title='bbox 1285 4082 1383 4152; x_wconf 88' lang='lat' dir='ltr'><strong>(de</strong></span> <span class='ocrx_word' id='word_1_217' title='bbox 1424 4083 1758 4139; x_wconf 79' lang='lat' dir='ltr'><strong>Ravennate</strong></span> <span class='ocrx_word' id='word_1_218' title='bbox 1800 4089 1859 4140; x_wconf 87' lang='lat' dir='ltr'><strong>et</strong></span> <span class='ocrx_word' id='word_1_219' title='bbox 1903 4084 2124 4140; x_wconf 87' lang='lat' dir='ltr'><strong>Veneto</strong></span> <span class='ocrx_word' id='word_1_220' title='bbox 2158 4079 2560 4151; x_wconf 80' lang='lat' dir='ltr'><strong>Aristophanis</strong></span> <span class='ocrx_word' id='word_1_221' title='bbox 2593 4098 2689 4138; x_wconf 82' lang='lat' dir='ltr'><strong>eo-</strong></span> 
     </span>
     <span class='ocr_line' id='line_1_29' title="bbox 376 4169 2690 4241; baseline 0.002 -17"><span class='ocrx_word' id='word_1_222' title='bbox 376 4169 617 4239; x_wconf 85' lang='lat' dir='ltr'><strong>dioibus,</strong></span> <span class='ocrx_word' id='word_1_223' title='bbox 659 4170 893 4225; x_wconf 82' lang='lat' dir='ltr'><strong>Bonnae</strong></span> <span class='ocrx_word' id='word_1_224' title='bbox 929 4169 1087 4238; x_wconf 73' lang='lat'>1865)</span> <span class='ocrx_word' id='word_1_225' title='bbox 1125 4169 1410 4241; x_wconf 81' lang='lat' dir='ltr'><strong>eleganter</strong></span> <span class='ocrx_word' id='word_1_226' title='bbox 1448 4177 1509 4227; x_wconf 89' lang='lat' dir='ltr'><strong>et</strong></span> <span class='ocrx_word' id='word_1_227' title='bbox 1544 4171 1825 4229; x_wconf 85' lang='lat' dir='ltr'><strong>subtiliter</strong></span> <span class='ocrx_word' id='word_1_228' title='bbox 1862 4172 2148 4228; x_wconf 73' lang='lat' dir='ltr'><strong>tractavit.</strong></span> <span class='ocrx_word' id='word_1_229' title='bbox 2215 4170 2425 4227; x_wconf 81' lang='lat' dir='ltr'><strong>Tamen</strong></span> <span class='ocrx_word' id='word_1_230' title='bbox 2455 4186 2523 4228; x_wconf 83' lang='lat' dir='ltr'><strong>ea</strong></span> <span class='ocrx_word' id='word_1_231' title='bbox 2544 4185 2690 4241; x_wconf 75' lang='lat' dir='ltr'><strong>quae</strong></span> 
     </span>
     <span class='ocr_line' id='line_1_30' title="bbox 375 4255 2692 4332; baseline 0.001 -18"><span class='ocrx_word' id='word_1_232' title='bbox 375 4260 450 4315; x_wconf 88' lang='lat' dir='ltr'><strong>de</strong></span> <span class='ocrx_word' id='word_1_233' title='bbox 489 4259 693 4316; x_wconf 83' lang='lat' dir='ltr'><strong>Veneti</strong></span> <span class='ocrx_word' id='word_1_234' title='bbox 729 4258 900 4314; x_wconf 78' lang='lat' dir='ltr'><strong>variis</strong></span> <span class='ocrx_word' id='word_1_235' title='bbox 935 4258 1190 4316; x_wconf 82' lang='lat' dir='ltr'><strong>fontibus</strong></span> <span class='ocrx_word' id='word_1_236' title='bbox 1223 4261 1552 4331; x_wconf 81' lang='lat' dir='ltr'><strong>disputavit,</strong></span> <span class='ocrx_word' id='word_1_237' title='bbox 1586 4266 1652 4316; x_wconf 86' lang='lat' dir='ltr'><strong>nt</strong></span> <span class='ocrx_word' id='word_1_238' title='bbox 1686 4266 1821 4331; x_wconf 88' lang='lat' dir='ltr'><strong>pote</strong></span> <span class='ocrx_word' id='word_1_239' title='bbox 1862 4255 2167 4322; x_wconf 79' lang='lat' dir='ltr'><strong>artificiosa</strong></span> <span class='ocrx_word' id='word_1_240' title='bbox 2214 4265 2383 4332; x_wconf 84' lang='lat' dir='ltr'><strong>atqne</strong></span> <span class='ocrx_word' id='word_1_241' title='bbox 2434 4265 2692 4316; x_wconf 72' lang='lat' dir='ltr'><strong>contorta</strong></span> 
     </span>
     <span class='ocr_line' id='line_1_31' title="bbox 374 4347 1143 4419; baseline 0.003 -15"><span class='ocrx_word' id='word_1_242' title='bbox 374 4363 574 4419; x_wconf 66' lang='lat' dir='ltr'><strong>parum</strong></span> <span class='ocrx_word' id='word_1_243' title='bbox 602 4350 725 4405; x_wconf 80' lang='lat' dir='ltr'><strong>veri</strong></span> <span class='ocrx_word' id='word_1_244' title='bbox 759 4347 961 4406; x_wconf 78' lang='lat' dir='ltr'><strong>similis</strong></span> <span class='ocrx_word' id='word_1_245' title='bbox 995 4355 1143 4407; x_wconf 84' lang='lat' dir='ltr'><strong>sunt.</strong></span> 
     </span>
    </p>
   </div>
   <div class='ocr_carea' id='block_1_9' title="bbox 2351 4455 2382 4510">
    <p class='ocr_par' dir='ltr' id='par_1_9' title="bbox 2351 4455 2382 4510">
     <span class='ocr_line' id='line_1_32' title="bbox 2351 4455 2382 4510; baseline 0 0"><span class='ocrx_word' id='word_1_246' title='bbox 2351 4455 2382 4510; x_wconf 77' lang='lat'>1</span> 
     </span>
    </p>
   </div>
   <div class='ocr_carea' id='block_1_10' title="bbox 1977 4651 2689 4706">
    <p class='ocr_par' dir='ltr' id='par_1_10' title="bbox 1977 4651 2689 4706">
     <span class='ocr_line' id='line_1_33' title="bbox 1977 4651 2689 4706; baseline -0.011 -5"><span class='ocrx_word' id='word_1_247' title='bbox 1977 4651 2689 4706; x_wconf 42' lang='grc' dir='ltr'><strong>-ἐᾼὼ--ιι-ὖᾞ</strong></span> 
     </span>
    </p>
   </div>
  </div>
 </body>
</html>
