3015 4740
1314 291 1744 354 ...15—

378 461 707 547 particula
746 483 907 542 vvv3
931 474 937 479 ·
965 475 1133 540 quae
1181 461 1411 540 postea
1462 457 1531 524 in
1588 456 1882 524 omnibus
1932 461 2199 539 praeter
2232 458 2688 528 Ravennatem

380 568 565 636 libris
605 566 1069 651 praetermissa
1111 567 1233 629 est.

589 676 799 759 Quam
825 669 1433 754 interpretationem
1457 667 2055 737 artificiosissimam
2077 686 2221 735 esse
2236 674 2444 751 patet.
2526 670 2690 739 Gon-

383 785 491 849 tra
547 781 718 847 unde
777 776 1189 847 Ravennatis
1253 775 1579 858 scriptura
1632 779 1780 841 orta
1835 775 1943 858 sit,
1985 775 2297 843 facillime
2334 777 2692 860 dispicitur.

384 888 544 955 Cum
579 887 748 954 enim
791 884 936 952 ἐιπέ
975 908 1088 971 μοι
1130 883 1522 951 creberrima
1561 881 1650 971 sit
1693 882 1999 949 dictionis
2028 882 2372 951 familiaris
2413 883 2693 955 formul*
2729 900 2796 939 0-

384 993 852 1085 (quadraginta
897 995 969 1059 et
1011 994 1281 1074 septem,
1324 989 1393 1055 ni
1412 989 1625 1072 fallor,
1674 991 1970 1073 exempla
1995 989 2168 1073 apud
2186 990 2692 1074 Aristophanem

382 1096 678 1189 exstant)
722 1100 922 1167 etiam
961 1097 1254 1165 hocloco
1279 1095 1436 1176 quin
1469 1094 1776 1162 librarius
1803 1095 1890 1161 ad
1931 1113 2075 1162 eam
2099 1096 2527 1181 aberraverit,
2562 1116 2693 1164 non

379 1207 643 1277 dubium
680 1224 824 1274 esse
864 1203 1096 1271 iudico.

587 1316 681 1380 At
721 1312 1004 1380 fortasse
1040 1309 1183 1376 έίπέ
1223 1331 1333 1394 μοι
1351 1356 1368 1389 ,
1413 1325 1542 1373 non
1580 1307 1726 1372 ἐἰπε
1767 1329 1892 1372 νυν
1951 1323 2034 1373 ex
2076 1325 2253 1374 more
2300 1311 2404 1375 est
2438 1308 2690 1376 Aristo-

381 1423 655 1504 phaneo.
739 1422 960 1500 Atque
998 1416 1293 1501 profecto
1338 1413 1767 1497 Bambergius
1810 1420 2002 1498 (pag.
2035 1417 2187 1501 16.)
2252 1416 2345 1481 nil
2388 1417 2511 1483 hoc
2549 1418 2692 1485 loco

383 1529 512 1596 nisi
553 1528 695 1594 εἰπέ
734 1550 847 1614 μοι
895 1525 1026 1593 dici
1067 1541 1257 1607 posse
1300 1521 1741 1589 contendebat
1781 1521 2082 1601 quoniam
2124 1522 2194 1587 in
2232 1523 2693 1608 interrogatio-

383 1637 571 1704 nibus
608 1638 805 1718 poeta
844 1651 1098 1713 semper
1113 1680 1130 1713 ,
1220 1630 1276 1696 si
1318 1633 1394 1695 tu
1437 1647 1555 1695 sex
1596 1627 1917 1695 liberioris
1958 1628 2153 1694 metri
2208 1632 2504 1714 exempla
2545 1650 2694 1699 exe-

383 1743 577 1811 meris
620 1741 764 1808 ἐιπέ
803 1763 934 1826 μοι,
974 1757 1103 1804 non
1137 1736 1280 1803 ὲιπέ
1312 1736 1653 1818 posuisset.
1742 1735 1927 1818 Quae
1968 1738 2189 1803 autem
2225 1741 2328 1803 est
2370 1738 2562 1806 huius
2601 1739 2694 1806 le-

385 1850 487 1934 gis
525 1847 743 1916 ratio?
833 1847 1043 1930 Quam
1086 1847 1162 1910 tu
1201 1847 1402 1924 putas
1445 1859 1709 1909 causam
1739 1840 1964 1927 fuisse,
2007 1860 2123 1909 cur
2149 1847 2348 1925 poeta
2389 1844 2457 1912 in
2495 1863 2694 1912 enun-

380 1956 568 2024 tiatis
606 1950 1102 2037 interrogativis
1144 1949 1424 2016 maxime
1460 1947 1603 2015 εἰπέ
1642 1971 1773 2033 μοι,
1817 1967 1947 2016 non
1980 1949 2186 2015 solum
2212 1950 2354 2017 εἰπέ
2396 1952 2520 2018 sibi
2546 1971 2693 2019 con-

384 2064 648 2130 cederet
661 2062 693 2128 ?
772 2060 903 2128 Sed
976 2077 1059 2125 ne
1122 2076 1284 2124 vera
1349 2055 1608 2136 quidem
1662 2055 1795 2122 ista
1861 2056 2232 2124 observatio
2275 2063 2378 2125 est
2430 2079 2582 2127 nam
2624 2061 2692 2127 in

379 2169 691 2250 Equitum
731 2185 927 2234 versu
961 2172 1116 2232 1361
1151 2162 1670 2248 interrogatione
1713 2181 1869 2230 usus
1896 2163 2371 2246 Aristophanes
2397 2168 2691 2250 scripsit:

789 2275 1033 2338 τοῦτον
1074 2271 1139 2337 τί
1183 2264 1462 2356 δράσεις,
1510 2269 1675 2352 εἰπέ,
1713 2267 1835 2336 τὸν
1882 2265 2283 2357 ξυνήγορονς

584 2380 893 2447 Dubitari
936 2397 1091 2463 ergo
1131 2397 1261 2444 non
1303 2377 1530 2444 licebit
1548 2427 1566 2460 ,
1627 2376 1782 2458 quin
1830 2378 2120 2460 potuerit
2165 2397 2324 2446 sane
2380 2398 2696 2463 usurpare

384 2488 663 2571 scriptor
723 2487 866 2554 εἰπέ
926 2510 1054 2553 νυν
1121 2489 1345 2552 nostro
1372 2484 1462 2578 in
1498 2502 1694 2566 versu
1738 2485 1962 2553 eodem
2018 2485 2158 2553 iure
2193 2506 2319 2567 quo
2352 2489 2695 2572 usurpavit

379 2614 558 2679 vesp.
577 2601 723 2662 990.
769 2598 839 2662 et
881 2595 1023 2681 λέγε
1051 2618 1177 2661 νυν
1215 2595 1366 2660 nub.
1401 2598 1544 2659 141.
1569 2595 1707 2658 345.
1726 2598 1872 2658 426.
1912 2610 2093 2675 vesp.
2124 2599 2224 2660 30.
2270 2595 2529 2662 Therm.
2552 2602 2693 2663 llo.

572 2702 903 2768 ¹Similiter
944 2701 1124 2768 aliud
1169 2702 1233 2765 R
1276 2699 1515 2783 codicis
1572 2697 1872 2766 mendum
1939 2699 2124 2767 ludos
2188 2700 2353 2767 fecit
2411 2702 2692 2772 criticos·

386 2806 658 2875 Excidit
696 2809 867 2875 enim
905 2828 966 2879 v.
1015 2813 1161 2875 270.
1222 2807 1290 2873 in
1335 2809 1399 2871 R
1439 2825 1792 2889 pronomen
1827 2799 2008 2893 ἡμᾶς,
2054 2811 2124 2873 et
2159 2809 2310 2875 hinc
2353 2809 2551 2876 ducta
2592 2814 2697 2877 est

385 2915 953 2983 emendatiuncula
994 2915 1127 2982 ista
1170 2915 1400 2983 Cobeti
1415 2965 1431 2998 ,
1473 2913 1584 2996 qui
1625 2907 1788 3002 ἡμᾶς
1828 2916 2202 2996 pronomine
2244 2917 2511 3000 expulso
2556 2919 2695 2986 eius

381 3020 451 3086 in
493 3022 705 3088 locum
753 3015 961 3099 ον”τας
999 3021 1339 3089 substituit
1353 3072 1369 3105 ,
1412 3040 1559 3088 eum
1596 3038 1857 3091 versum
1898 3021 2027 3089 iam
2072 3023 2435 3103 antiquitus
2472 3025 2695 3106 depra-

384 3131 609 3195 vatum
651 3146 693 3194 a
736 3126 976 3194 Veneti
1018 3126 1285 3193 librario
1327 3127 1834 3209 interpolatione
1889 3127 2262 3196 foedissima
2315 3131 2695 3214 adspersum

385 3250 530 3299 esse
551 3237 757 3300 ratus,
846 3232 976 3299 Sed
1000 3233 1338 3300 audiamus
1380 3251 1526 3299 eum
1556 3232 1767 3314 ipsum
1808 3231 1903 3302 sic
1945 3234 2444 3302 ratiocinantem
2490 3237 2695 3316 (Mne-

384 3357 522 3405 mos
578 3339 694 3406 IV.
752 3357 899 3422 pag.
946 3344 1088 3406 133.
1130 3338 1356 3407 Novae
1401 3338 1556 3404 lect.
1600 3356 1662 3420 p.
1718 3339 1881 3426 3⁹7.):
1947 3338 2120 3423 „Qui
2162 3341 2446 3408 codicem
2482 3341 2693 3410 Vene-

383 3449 522 3511 tum
560 3444 857 3529 scripsit,
906 3447 987 3513 de
1026 3463 1140 3513 suo
1181 3438 1346 3532 ἡμᾶς
1385 3444 1813 3527 interpolavit
1829 3494 1846 3529 ,
1903 3449 1979 3512 ut
2029 3446 2270 3529 passim
2318 3448 2696 3531 Aristopha-

384 3569 534 3617 nem
577 3551 833 3619 levibus
875 3551 1266 3619 coniecturis
1323 3546 1439 3618 s'uo
1485 3551 1758 3617 arbitrio
1813 3551 2143 3619 refinxit.“
2196 3579 2203 3585 ·
2251 3554 2446 3642 ,Quid
2497 3575 2651 3641 ergo
2664 3557 2696 3623 P

384 3656 710 3723 Censetne
755 3656 986 3723 doctus
1023 3656 1137 3723 ille
1173 3657 1278 3726 vir
1295 3705 1312 3739 ‚
1358 3659 1529 3738 quod
1567 3658 1887 3725 hominem
1931 3658 2076 3725 sibi·
2095 3666 2505 3728 constantem
2547 3680 2694 3728 cen-

380 3780 526 3829 sere
568 3781 846 3844 aequum
889 3767 994 3830 est
1037 3764 1241 3830 talem
1281 3763 1667 3832 medIcinam
1711 3763 2144 3831 adhibendam
2178 3786 2360 3852 esse,
2405 3771 2480 3832 ut
2518 3770 2693 3834 cete·

283 3884 321 3931 c
378 3887 596 3935 rorum
666 3869 958 3940 codicum
1023 3870 1490 3953 supplementis
1556 3870 1742 3952 quasi
1804 3873 2163 3954 amputatis
2215 3877 2435 3941 nostro
2477 3872 2695 3940 Marte

382 3975 823 4043 emendationi
866 3968 1127 4060 operam
1173 3977 1442 4045 demus?
1501 3977 1667 4044 Tum
1710 3978 1947 4044 saltem
2007 3980 2204 4048 valde
2246 3977 2693 4049 admirandum

380 4085 484 4149 est
525 4083 1162 4165 praestantissimum
1198 4082 1391 4150 istius
1426 4084 1915 4167 interpolatoris
1957 4085 2308 4169 ingenium,
2355 4087 2524 4166 quod
2553 4093 2692 4155 tam

383 4188 624 4254 multos
665 4191 736 4254 et
785 4189 1114 4257 laceratos
1156 4207 1386 4257 versus
1429 4190 1700 4276 egregia
1742 4190 2141 4259 divinatione
2182 4193 2693 4276 reconcinnavit,

383 4295 540 4375 quin
587 4294 789 4362 etiam
833 4297 993 4363 duos
1033 4313 1264 4365 versus
1301 4297 1744 4381 Aristophane
1775 4296 2186 4380 dignissimos
2238 4298 2321 4366 de
2377 4317 2492 4366 suo
2534 4318 2693 4382 pan-
