3015 4740
1247 314 1632 372 ...8-

292 476 589 561 pausiam
632 476 1102 559 aspexerimus,
1148 479 1373 545 tamen
1417 480 1604 545 certa
1642 477 1817 547 inter
1873 477 1936 541 V
1971 480 2041 543 et
2064 480 2136 543 X
2169 474 2619 558 propinquitas

295 583 620 653 enitescit.
739 582 926 665 Quod
997 586 1072 651 ut
1137 582 1511 653 illustretur
1528 633 1544 665 ,
1631 603 1760 651 non
1849 600 2400 666 supervacaneum
2467 582 2615 665 erit,

293 691 591 772 exempla
635 708 811 770 quae
837 693 965 756 huc
996 688 1350 772 pertinent,
1399 690 1712 757 adscribi:
1758 711 1822 757 v.
1855 697 1956 757 61.
2004 686 2115 756 εἶθ’
2169 682 2206 754 ὃ
2246 689 2459 774 γέρων
2502 690 2616 776 (R.

290 789 330 862 ὃ
368 797 440 861 δὲ
480 796 729 880 γέρων)
761 794 773 879 Ι
812 801 999 862 V.70.
1042 790 1487 862 ὀκνοπλάσιον
1527 800 1540 881 Ι
1576 815 1640 864 V.
1667 804 1810 864 212.
1855 793 1973 882 εἰμ’
2014 789 2465 882 ἐπιτροπεύειν
2504 797 2514 875 Ι
2551 814 2614 863 V.

292 909 437 970 275.
482 905 758 987 πρῶτον
796 906 806 985 Ι
870 920 1131 973 versum
1173 902 1284 982 qui
1326 908 1429 975 est
1485 910 1609 971 339
1662 924 1744 969 ex
1805 904 1905 970 ed.
1947 904 2123 970 Vels
2168 908 2317 986 post
2358 921 2618 971 versum

292 1013 416 1073 336
460 1009 708 1081 habent
745 1008 857 1094 [V.
899 1012 1043 1073 377.
1089 1002 1204 1073 εἶτ’
1245 1005 1522 1074 ἔνδοθεν
1576 1013 1583 1092 Ι
1623 1028 1686 1077 V.
1717 1017 1861 1075 508.
1908 1007 2029 1095 ἔπη
2076 1011 2386 1090 λέξοντας
2429 1008 2495 1087 ἐς
2536 1003 2617 1075 τὸ

291 1133 356 1182 V.
383 1120 527 1180 646.
571 1116 712 1179 τῶν
757 1114 828 1179 δὲ
872 1164 889 1179 .
933 1163 947 1178 .
989 1163 1004 1178 .
1053 1108 1487 1201 διεγαλήνισεν
1529 1117 1538 1203 Ι
1591 1134 1652 1182 V.
1684 1120 1826 1183 741.
1869 1115 2010 1181 εἰπέ
2044 1139 2169 1181 νυν
2210 1117 2220 1203 Ι
2257 1135 2320 1183 V.
2349 1120 2492 1183 744.
2537 1114 2618 1180 ἶν’

290 1221 542 1288 ἐκεῖνον
582 1225 593 1303 Ι
630 1239 692 1288 V.
715 1222 1302 1306 768.,διατμηθείην
1342 1226 1350 1303 Ι
1390 1242 1448 1289 V.
1476 1228 1625 1289 856.
1649 1216 2196 1307 καθαρπάσαντες
2234 1226 2250 1303 Ι
2282 1242 2345 1290 V.
2374 1228 2518 1289 901.
2537 1212 2617 1307 ἦν

288 1353 359 1413 γε
381 1328 491 1393 καὶ
528 1329 729 1392 τοῦτο
770 1332 777 1409 Ι
816 1345 877 1391 V.
898 1333 1042 1391 896.
1086 1324 1354 1393 ἔσπευδε
1392 1331 1401 1413 Ι
1440 1349 1502 1395 V.
1536 1335 1719 1396 1042.
1763 1328 2043 1414 ἔφρασεν
2081 1330 2092 1410 Ι
2129 1347 2192 1395 V.
2221 1334 2406 1393 1058.
2453 1320 2616 1412 φρά-

290 1441 396 1517 ζευ
435 1433 447 1520 Ι
484 1438 751 1500 ν.1062.
779 1427 979 1511 αὐτὸς
1017 1433 1026 1519 Ι
1064 1452 1127 1499 V.
1150 1438 1336 1499 1110.
1380 1430 1500 1521 ἤδη
1541 1436 1551 1522 Ι
1590 1437 1680 1516 (R
1700 1435 1882 1523 εἴσω)
1924 1444 1932 1519 Ι
1970 1454 2032 1502 V.
2067 1441 2251 1502 1239.
2291 1433 2613 1501 ἐναντίον.

290 1560 355 1608 V.
386 1545 572 1608 1256.
613 1539 901 1624 γένωμαί
945 1556 1050 1605 σοι
1087 1540 1097 1627 Ι
1136 1558 1197 1606 V.
1238 1544 1401 1609 1332
1447 1534 1713 1608 mirsam
1756 1539 1890 1629 πρὸ
1926 1544 2068 1608 τοῦ.

497 1645 630 1713 Sed
672 1645 873 1712 etiam
913 1645 1288 1713 distinctius
1306 1697 1322 1729 ,
1394 1648 1451 1715 si
1511 1648 1654 1715 fieri
1712 1653 1933 1731 potest
1948 1699 1964 1732 ‚
2029 1649 2149 1717 illa
2191 1645 2432 1712 Veneti
2475 1663 2619 1711 cum

296 1755 656 1835 archetypo
716 1752 1006 1821 codicum
1062 1756 1133 1817 X
1171 1754 1504 1821 consensio
1579 1757 1963 1838 exponenda
2034 1760 2158 1821 est.
2247 1754 2393 1820 Duo
2450 1753 2620 1819 enim

296 1878 413 1940 per
453 1877 523 1924 se
569 1858 850 1940 cogitari
890 1862 1193 1941 possunt,
1234 1865 1352 1926 aut
1394 1861 1719 1928 Venetum
1779 1865 1991 1944 ipsum
2039 1863 2124 1931 ab
2168 1880 2242 1927 60
2291 1860 2400 1941 qui
2442 1860 2619 1926 istud

297 1966 704 2048 archetypon
746 1964 1120 2047 composuit,
1169 1966 1535 2035 adhibitum
1564 1987 1726 2051 esse,
1773 1972 1891 2035 aut
1936 1968 2090 2034 611111
2123 1968 2359 2037 librum
2378 2017 2394 2049 ,
2444 1967 2617 2037 unde

312 2072 374 2135 V
397 2072 729 2154 profectus
759 2074 887 2139 est.
993 2071 1169 2138 Illud
1220 2073 1400 2154 prius
1442 2078 1665 2143 autem
1705 2075 2159 2158 abnegandum
2200 2074 2386 2139 nobis
2438 2073 2615 2140 vide-

298 2184 407 2245 tur
450 2198 613 2270 esse,
657 2179 1268 2262 contemplantibus,
1316 2181 1571 2250 codices
1610 2187 1681 2246 X
1726 2181 2054 2249 nonnullis
2098 2181 2341 2247 Veneti
2384 2179 2621 2245 erratis

299 2305 545 2353 carere.
637 2286 806 2352 Sunt
846 2289 1068 2351 autem
1108 2286 1302 2352 haec:
1391 2306 1453 2355 v.
1496 2294 1599 2354 35.
1664 2285 1945 2374 ἑτέραπη
1984 2289 1993 2374 Ι
2033 2307 2097 2354 v.
2134 2292 2276 2353 267.
2325 2284 2623 2373 ἔμελλονΙ

300 2414 362 2460 v.
395 2400 539 2459 820.
584 2412 713 2459 11011
751 2389 856 2478 μὴ,
897 2397 974 2458 ut
1016 2392 1085 2458 in
1143 2393 1212 2475 V,
1263 2394 1506 2462 excidit
1553 2415 1614 2462 v.
1644 2402 1787 2461 896.
1847 2413 1976 2460 non
2026 2413 2170 2459 cum
2225 2392 2286 2452 V
2321 2396 2619 2472 transpo-

298 2504 497 2570 nunt:
533 2486 731 2577 οὗτος
762 2494 1017 2564 ἔσπευδ’
1062 2494 1272 2564 αὐτοῦ
1298 2494 1504 2580 ἄξιον.
1561 2540 1618 2546 —
1718 2500 2195 2568 contendemus
2226 2497 2430 2579 igitur
2455 2496 2620 2561 illud

301 2608 730 2688 archetypon,
804 2604 971 2683 quod
1024 2603 1277 2670 Veneto
1342 2606 1451 2671 vel
1516 2605 1907 2672 Ravennate
1948 2605 2230 2669 fortasse
2272 2601 2613 2679 aliquanto

305 2715 433 2779 fuit
478 2711 809 2792 antiquius
826 2764 843 2794 ,
910 2729 1052 2775 cum
1110 2711 1547 2777 correctiones
1611 2715 1680 2775 et
1723 2709 2264 2798 inttrpolationes
2306 2707 2428 2773 hoc
2470 2724 2617 2788 pas·
2643 2721 2684 2775 e

303 2838 443 2885 sum
484 2835 657 2897 esse,
717 2834 846 2881 non
889 2816 1079 2881 nimis
1121 2817 1455 2898 probabile
1500 2816 1620 2899 sit,
1684 2836 1725 2881 a
1786 2815 2091 2882 Veneti
2154 2813 2617 2899 archetypo
2666 2833 2703 2883 c

303 2925 438 2992 vel
483 2943 526 2989 a
569 2922 859 2987 codice
897 2922 1180 3002 aliquo
1226 2942 1322 2988 ex
1361 2925 1510 2988 hoc
1561 2922 2002 3004 descripto
2041 2921 2487 3003 prodiisse.

510 3027 765 3093 Deinde
805 3026 888 3092 de
931 3027 1152 3093 codice
1195 3033 1256 3092 P
1287 3047 1574 3111 agamus,
1663 3030 1731 3094 Is
1775 3030 1884 3109 qui
1914 3047 2058 3094 cum
2094 3029 2484 3094 Ravennate
2526 3027 2622 3092 nil

319 3154 583 3218 prorsus
616 3153 949 3200 commune
1003 3135 1203 3201 habet
1220 3186 1235 3217 ,
1297 3136 1353 3201 si
1396 3137 1479 3204 ab
1526 3135 2049 3219 orthographicis
2089 3133 2450 3216 quisquiliis
2496 3134 2622 3199 dis-

306 3243 613 3326 cesseris,
681 3246 1082 3325 quantopere
1135 3261 1278 3308 cum
1335 3244 1396 3305 V
1429 3252 1484 3309 X
1531 3245 1909 3326 cohaereat,
1982 3244 2340 3325 scripturas
2382 3242 2622 3307 discre-

306 3359 537 3433 pantes
583 3350 878 3430 quamvis
922 3351 1160 3417 leviter
1201 3350 1517 3431 intuenti,
1584 3354 1721 3415 tam
1779 3350 2195 3415 manifestum
2250 3350 2622 3427 clarumque

307 3455 453 3538 erit,
497 3459 573 3520 ut
614 3455 683 3519 in
721 3474 857 3521 rem
894 3461 1183 3519 nostram
1218 3474 1348 3520 non
1386 3456 1560 3522 foret
1598 3456 1970 3523 universam
2012 3456 2447 3536 exemplorum
2489 3472 2616 3519 mo-

298 3563 434 3628 iem
497 3561 604 3626 hic
667 3561 1073 3643 exaggerare
1135 3560 1248 3647 (cf.
1304 3580 1366 3627 v.
1417 3565 1518 3626 61.
1568 3568 1665 3630 70.
1716 3570 1857 3629 190.
1906 3568 2052 3628 212.
2087 3567 2231 3627 274.
2278 3567 2426 3627 377.
2475 3565 2621 3626 646.

312 3671 486 3756 741).
573 3669 667 3732 Et
710 3667 767 3731 si
804 3670 1025 3732 autem
1066 3672 1128 3731 P
1159 3667 1228 3733 in
1269 3667 1644 3736 universum
1686 3688 1830 3735 cum
1900 3670 1963 3732 V
1992 3674 2064 3735 X
2098 3686 2461 3752 congruens
2510 3667 2619 3747 sit,

310 3780 534 3841 tamen
577 3778 648 3839 X
687 3772 979 3839 codicum
1020 3773 1182 3839 satis
1227 3792 1371 3839 eum
1413 3774 1787 3842 dissimilem
1822 3796 1965 3843 esse
2010 3776 2208 3841 facile
2252 3774 2437 3840 nobis
2478 3793 2621 3855 per-

308 3881 741 3950 suadebimus
826 3879 1090 3945 Etenim
1132 3880 1299 3947 vitia
1339 3881 1490 3964 ista,
1539 3882 1768 3962 quibus
1803 3888 1875 3948 X
1903 3882 2055 3949 libri
2093 3885 2247 3948 sunt
2290 3880 2623 3963 maculati,

311 4009 353 4056 a
396 3993 458 4055 P
495 3988 749 4054 omnino
790 3986 1007 4054 aliena
1049 3991 1232 4054 sunt:
1279 3986 1363 4054 cf.
1410 3993 1512 4055 24.
1562 3994 1703 4055 115.
1751 3996 1893 4057 201.
1937 3996 2081 4055 330.
2111 3992 2258 4056 467.
2292 3993 2440 4053 536.
2474 3993 2616 4053 611.

312 4102 457 4164 690.
503 4100 645 4161 725.
693 4100 834 4161 732.
881 4098 1024 4161 983.
1075 4099 1260 4160 1004.
1314 4102 1500 4164 1039.
1550 4101 1735 4162 1044.
1777 4104 1971 4164 1056.
2030 4096 2129 4162 ita
2172 4099 2248 4161 ut
2288 4113 2499 4175 neque
2542 4113 2625 4161 ex

314 4207 384 4270 X
419 4220 630 4282 neque
675 4220 757 4266 ex
797 4220 1015 4267 eorum
1049 4202 1407 4284 archetypo
1451 4209 1514 4268 P
1555 4203 1870 4286 originem
1908 4203 2189 4270 traxisse
2217 4202 2441 4285 putari
2481 4220 2623 4283 pos-

313 4308 420 4378 sit.
506 4305 762 4375 Deinde
804 4307 1145 4388 quominus.
1175 4325 1258 4378 ex
1299 4308 1555 4377 Veneto
1594 4308 1735 4394 ipso
1782 4314 1844 4377 Ρ
1877 4308 2244 4380 derivatum
2288 4326 2434 4380 esse
2474 4324 2623 4380 cen-
