3015 4740
1250 310 1679 375 ...IS-...-

396 470 588 559 ὑμῶν
628 469 949 543 ἁπάντων
994 470 1116 553 τὰς
1158 476 1570 562 ξυνῳμοσὶας
1607 474 1744 562 ἐρῶ

393 580 502 644 καὶ
542 578 660 659 τὰς
699 576 1023 662 ξυνόδους
1063 576 1181 661 τὰς
1222 580 1609 669 νυκτερινὰς
1649 582 1754 650 ἐπὶ
1796 588 1876 670 τῇ
1917 579 2109 659 ,πόλει
2645 666 2651 670 ⁴

306 704 480 752 nuno
506 688 634 755 iam
661 693 1065 772 argumento,
1111 689 1280 769 quod
1323 689 1481 755 mihi
1514 708 1769 773 semper
1810 692 2241 760 certissimum
2281 694 2628 763 videbatur

307 810 468 875 esse,
509 794 863 862 ostendam.
954 794 1163 863 Ouum
1204 795 1373 868 enim
1416 814 1614 863 versu
1659 801 1786 864 236
1830 800 2064 866 verba:
2113 797 2220 865 ἐπὶ
2274 803 2374 886 τῷ
2439 792 2622 885 δήμῳ

302 900 666 967 rectissime
739 903 821 969 ab
907 901 1270 986 interprete
1355 903 1627 984 antiquo
1688 905 2130 987 explicentur:
2210 907 2626 991 ξυνωμοσίαν

303 1001 645 1095 ἐποιήσατε
678 1057 692 1074 .
740 1058 752 1072 .
794 1057 809 1074 .
855 1058 871 1091 ,
918 1005 1027 1074 ἵνα
1055 1001 1528 1098 ὃμοφωνήσητε
1560 1009 1730 1076 κατὰ
1759 1035 1882 1078 του
1916 1006 2123 1100 δήμου
2169 1018 2368 1095 atque
2402 1017 2625 1079 nostro

302 1113 445 1180 loeo
491 1115 656 1181 haeo
699 1116 946 1182 scholia
989 1117 1262 1197 antiqua
1305 1117 1619 1184 adiuncta
1659 1117 1825 1185 sint:
1878 1116 1998 1199 τὰς
2039 1113 2360 1200 ξυνόδους
2401 1143 2624 1186 νυκτε-

301 1217 511 1310 ρινὰς]
558 1213 665 1288 ὅτι
708 1219 948 1300 νυκτὸς
990 1218 1187 1309 οὔσης
1233 1221 1402 1288 κατὰ
1453 1227 1569 1309 τῆς
1608 1217 1869 1302 πόλεως
1921 1223 2369 1306 ἐβουλεύεσθε.
2428 1221 2508 1290 τὸ
2554 1226 2626 1290 δὲ

301 1324 407 1391 ἐπὶ
446 1331 525 1412 τῇ
567 1322 757 1395 πόλει
802 1326 950 1395 ἀντὶ
992 1334 1114 1395 τοῦ
1151 1327 1322 1395 κατὰ
1355 1333 1468 1416 τῆς
1511 1324 1790 1409 πόλεως,
1836 1332 2134 1412 equidem
2156 1337 2347 1398 extra
2374 1348 2625 1398 omnem

296 1434 771 1501 dubitationem
828 1454 974 1502 esse
1030 1437 1271 1519 iudico,
1330 1437 1484 1518 quin
1537 1438 1668 1504 iam
1704 1439 2061 1506 scholiasta
2118 1438 2225 1507 ἐπὶ
2267 1440 2336 1504 in
2372 1444 2626 1506 suomet

298 1545 490 1607 textu
546 1541 892 1609 invenerit.
998 1543 1221 1610 Etiam
1280 1562 1425 1611 eum
1444 1596 1459 1627 ,
1530 1546 1640 1626 qui
1697 1547 1975 1628 primam
2028 1553 2294 1613 nostrae
2360 1547 2627 1613 fabulae

295 1650 692 1731 hypothesin
736 1650 1111 1733 composuit,
1160 1670 1307 1717 eum
1340 1653 1426 1721 ad
1463 1671 1743 1735 versum,
1791 1656 1871 1720 de
1912 1672 2037 1735 quo
2082 1654 2335 1737 agimus
2351 1704 2368 1737 ‚
2423 1654 2625 1736 respi-

296 1754 476 1821 ciens
520 1760 818 1821 enarrat:
879 1748 918 1821 ὁ
962 1757 1200 1824 Κλέων
1256 1752 1616 1843 α’γανακτεῑ
1663 1761 1770 1825 καὶ
1812 1761 2160 1845 διενεχθεὶς
2196 1757 2441 1838 ἱκανῶς
2478 1762 2628 1846 περὶ

294 1867 414 1928 τοῦ
458 1857 795 1948 ἀνώτερος
836 1859 1001 1930 εἶναι
1033 1868 1178 1930 τῶν
1197 1863 1728 1950 ἐναντιουμένων
1758 1871 1928 1951 σφᾶς
1956 1861 2049 1946 ὡς
2070 1859 2627 1954 συνομωμοκότας

298 1969 468 2034 κατὰ
525 1973 637 2056 τῆς
689 1963 950 2048 πόλεως
1003 1965 1173 2057 πρός
1223 1968 1345 2059 τὴν
1407 1972 1653 2060 βουλὴν
1713 1971 1895 2054 ἵεται,
1938 1973 2484 2057 praepositionem
2519 1975 2626 2040 επὶ

299 2066 559 2161 legisse
583 2082 877 2159 apparet.

508 2184 656 2267 Qua
698 2204 771 2251 re
810 2189 947 2251 tam
987 2185 1174 2252 firma
1214 2190 1284 2252 et
1322 2190 1474 2254 tuta
1515 2192 1623 2254 est
1664 2187 2164 2270 praepositionis
2188 2186 2295 2253 ἐπὶ
2314 2187 2625 2270 eondioiO,

304 2293 399 2374 ut,
442 2290 702 2361 etiamsi
744 2310 964 2358 omnes
995 2291 1147 2357 libri
1171 2290 1244 2357 ἐν
1264 2294 1660 2375 praeberent
1703 2312 1783 2361 ea
1805 2312 1934 2360 non
1978 2294 2118 2362 sine
2157 2293 2625 2378 probabilitate

297 2399 712 2467 restituenda
753 2403 948 2466 esset.
1296 2466 1301 2471 .

504 2505 585 2572 In
630 2524 824 2573 versu
861 2509 1007 2588 646,
1054 2523 1243 2586 quem
1289 2524 1370 2571 ex
1405 2504 1730 2572 Dindorfii
1772 2507 2196 2574 adnotatione
2241 2508 2350 2588 (of.
2399 2508 2621 2575 adnot.

306 2611 511 2683 Oxon.
577 2632 635 2695 p.
696 2620 822 2681 328
832 2629 849 2690 )
908 2613 1004 2681 sio
1060 2613 1131 2680 in
1175 2613 1568 2681 Ravennate
1630 2613 1921 2680 exhiberi
1967 2615 2478 2682 concludendum
2523 2619 2627 2681 est

755 2718 817 2787 οἱ
858 2715 915 2786 d'
950 2715 1206 2798 εὐθέως
1243 2716 1328 2786 τὰ
1363 2715 1697 2806 πρόσωπα
1741 2722 2196 2809 διεγαλήνισεν,

190 2859 197 2865 ·
298 2831 514 2910 recte,
577 2834 652 2895 ut
708 2848 791 2895 ex
850 2828 1145 2896 Velsenii
1205 2827 1466 2894 silentio
1518 2828 1875 2912 eolligmus‚
1924 2830 2008 2896 ab
2048 2829 2163 2896 illo
2205 2828 2374 2895 libro
2423 2827 2627 2914 &asya-

302 2928 573 3021 λήνισαν
629 2937 999 3017 praebetur.
1101 2934 1537 3012 Nihiloseoius
1554 2985 1572 3018 ‚
1631 2936 1803 3016 quod
1857 2935 1927 3001 in
1985 2939 2029 3016 β
2086 2936 2387 3010 habetur,
2427 2934 2631 3017 reoipi

301 3042 530 3109 debet:
590 3046 734 3109 τῶν
792 3038 850 3109 δ’
899 3037 1159 3121 εὐθέως
1221 3044 1306 3109 τὰ
1360 3039 1697 3129 πρόσωπα
1742 3038 2198 3130 διεγαλήνισεν.
2242 3042 2411 3110 Nam
2455 3042 2629 3124 quod

302 3148 727 3217 intransitive
779 3150 1049 3217 verbum
1107 3148 1579 3235 διαγαληνίςειν
1632 3149 1740 3215 hio
1795 3153 2175 3231 usurpatum
2236 3154 2341 3217 est
2383 3147 2629 3215 nemini

298 3255 428 3322 erit
485 3255 824 3323 offensioni
838 3305 855 3340 ,
904 3255 1207 3336 quoniam
1262 3255 1470 3322 etiam
1527 3254 1826 3321 Alexidis
1885 3273 2082 3322 versu
2152 3255 2486 3343 (Meineke
2547 3254 2628 3321 fr.

310 3362 848 3446 1²73,5=Athen.
894 3361 962 3429 X
998 3365 1123 3429 421
1156 3361 1268 3449 D).

303 3463 519 3535 αὐτόν
580 3462 955 3556 ὁκεκληκώς
1014 3481 1154 3547 τοῖς
1212 3461 1607 3556 Σαμόθᾳξιν
1650 3461 1906 3552 εὔχεται
1948 3469 2136 3553 λῆξαι
2175 3466 2469 3534 πνέοντα
2525 3467 2635 3534 καὶ

996 3653 1025 3664 Ἣ
1159 3575 1499 3662 γαληνίσαι
1541 3577 1709 3641 ποτέ

297 3680 457 3747 talis
506 3699 661 3747 usus
705 3679 1143 3746 confirmatur.
1232 3679 1363 3747 Sed
1405 3699 1578 3748 nuno
1617 3685 1771 3748 utra
1814 3681 1958 3749 veri
1997 3681 2088 3748 sit
2127 3682 2374 3749 similor
2431 3679 2629 3746 lectio

299 3785 870 3869 perpendentibus,
904 3804 1129 3858 rursus
1172 3787 1530 3854 scholiasta
1570 3787 1879 3867 antiquus
1935 3787 2395 3857 adminiculum
2441 3802 2629 3866 prae-

300 3891 760 3959 olarrissimum
819 3891 1069 3974 obfert3
1130 3892 1312 3961 ouius
1371 3895 1456 3962 ad
1516 3912 1777 3962 versum
1820 3898 1943 3960 643
1992 3894 2157 3962 haec
2195 3893 2397 3962 verba
2435 3894 2630 3958 sunt:

301 3992 768 4088 διεγαλήνισεν]
815 4001 1134 4088 Προσηνῆ
1170 4002 1278 4067 καὶ
1320 4005 1500 4091 πρᾷα
1542 4003 1651 4066 καὶ
1696 3994 1900 4086 ἣμερα
1920 3998 2244 4088 ἐγένοντο,
2292 3999 2636 4067 τουτέστιν

280 4101 377 4169 ἐκ
421 4109 540 4192 τῆς
582 4099 777 4193 ὀργῆς
814 4106 1124 4192 μετέβαλε
1167 4107 1276 4173 καὶ
1313 4100 1730 4194 μετηλλαγη..
1753 4102 1891 4174 ἀπὸ
1933 4108 2005 4174 δὲ
2032 4109 2172 4174 τῶν
2195 4098 2442 4190 α’φύων
2462 4107 2639 4193 κυρί-

303 4235 396 4289 ως
430 4214 533 4298 τῷ
572 4206 1016 4300 διεγαλήνισεν
1061 4206 1395 4300 ἐχρήσατο,
1456 4206 1565 4280 ὅτι
1604 4211 1666 4280 οἱ
1720 4209 2055 4302 Ἀθηναῖοι
2099 4208 2275 4299 εἶχον
2318 4216 2432 4301 τῆς
2487 4237 2640 4281 ναυ-

301 4320 498 4406 τικῆς.
584 4317 732 4384 Hae
787 4336 871 4386 ex
920 4321 1365 4403 explicatione
1413 4341 1545 4389 non
1601 4321 1792 4388 modo
1850 4314 2288 4408 διεγαλήνισεν
2330 4321 2402 4478 i}
2439 4319 2640 4386 inter-
