3015 4740
1242 288 1645 350 ...14..

296 452 860 534 praestantissimo
903 452 990 520 ad
1032 452 1386 520 sanitatem
1426 452 1725 536 perducti
1769 456 1964 520 suut„
2027 451 2214 521 Haec
2259 452 2316 520 si
2343 453 2485 535 quis
2513 457 2612 520 at-

297 561 485 631 tento
525 558 741 626 animo
787 559 1214 644 reputaverit,
1258 578 1387 626 non
1430 559 1655 626 dubito
1711 560 1866 641 quin
1909 560 1979 626 in
2029 579 2172 626 eam
2215 560 2614 628 sententiam

300 663 599 731 abiturus
641 665 749 750 sit,
794 666 1129 750 indignum
1175 684 1319 732 esse
1363 666 1822 734 Ravennatem
1866 666 2283 749 praepotenti
2307 667 2439 733 ista
2474 666 2614 749 dig-

298 770 533 855 nitate,
577 792 747 854 quae
788 773 849 839 ei
891 774 1103 840 adhuc
1144 793 1186 841 a
1234 772 1396 840 viris
1439 774 1652 840 doctis
1695 773 1913 841 addici
1956 775 2156 841 solet:
2202 792 2482 858 regnare
2501 790 2614 839 au-

297 882 432 944 tem
476 879 713 946 debere
746 880 816 946 in
861 884 1008 946 arte
1048 878 1279 946 critica
1320 878 1694 946 factitanda
1734 863 1938 947 solam
1978 879 2317 946 rationem.
2417 879 2615 945 Prae-

299 985 659 1054 cavendum
702 1003 859 1069 ergo
899 985 1085 1051 nobis
1114 985 1260 1068 erit,
1305 1004 1388 1051 ne
1408 986 1549 1051 sola
1568 984 1980 1051 Ravennatis
2007 986 2406 1052 auctoritate
2449 1003 2615 1050 com-

299 1110 686 1158 moveamur.
797 1091 1016 1176 Quare
1073 1091 1421 1174 dupliciter
1435 1142 1451 1173 ,
1519 1091 1575 1158 si
1619 1091 1771 1172 quid
1814 1090 2005 1157 video
2021 1141 2038 1173 ,
2098 1092 2168 1158 in
2211 1093 2331 1159 hoc
2375 1110 2617 1176 genere

301 1202 589 1265 erratum
638 1204 743 1266 est
800 1201 883 1265 ab
933 1198 1290 1266 editoribus
1327 1199 1567 1282 partim
1610 1199 1779 1279 quod
1823 1218 1905 1265 ex
1940 1197 2117 1265 illius
2161 1199 2313 1266 libri
2356 1217 2615 1280 corrup-

299 1303 453 1369 telis
508 1304 757 1385 apertis
816 1323 1075 1371 suarum
1136 1306 1653 1374 coniecturarum
1708 1324 1936 1373 ansam
1978 1309 2312 1388 ceperunt,
2373 1305 2617 1387 partim

300 1410 469 1490 quod
491 1410 629 1476 cius
657 1410 972 1478 lectiones
1016 1411 1211 1479 valde
1258 1418 1599 1495 suspectas
1634 1416 1703 1479 et
1743 1411 1955 1479 minus
1997 1412 2363 1481 commodas
2407 1412 2614 1480 artifi-

299 1514 472 1582 ciose
514 1515 960 1586 defendendas
999 1523 1443 1601 susceperunt.
1560 1519 1818 1602 Operae
1872 1524 2092 1587 autem
2146 1518 2429 1601 pretium
2473 1537 2618 1587 esse

302 1621 586 1690 arbitror
613 1642 784 1691 nunc
826 1625 907 1691 de
950 1625 1226 1710 singulis
1271 1626 1432 1692 locis
1471 1626 1910 1693 controversis
1937 1625 2200 1693 uberius
2216 1644 2437 1710 agere.
2523 1625 2620 1692 Et

297 1730 545 1813 primus
585 1730 655 1796 in
698 1732 1203 1813 disputationem
1245 1732 1473 1800 veniat
1515 1751 1746 1828 versus
1782 1739 1884 1815 73,
1927 1733 2038 1813 qui
2077 1752 2223 1800 cum
2268 1751 2467 1800 sensu
2512 1751 2617 1799 ca-

299 1854 452 1904 rens
494 1838 579 1901 ab
622 1838 687 1899 R
724 1837 820 1902 sic
857 1837 1275 1904 exhibeatur:

503 1955 793 2049 κράτιστ’
835 1962 1085 2050 ἐκείνην
1127 1957 1208 2051 ἣν
1250 1958 1559 2051 μόλωμεν
1605 1952 1848 2051 ὦγαθέ,

312 2070 772 2154 integerrimus
815 2072 911 2155 fit,
958 2072 1014 2138 si
1053 2071 1293 2139 codicis
1331 2074 1374 2151 β
1409 2070 1652 2137 auxilio
1697 2071 1970 2137 utimur:

508 2193 807 2285 κράτιστ’
848 2199 1099 2286 ἐκείνην
1141 2196 1266 2287 τήν
1312 2193 1695 2286 ημόλωμενι*
1742 2187 2000 2283 ὦγαθές
2057 2197 2138 2263 Id
2181 2201 2312 2263 est:
2374 2195 2622 2282 ἐκείνην

311 2302 433 2393 τὴν
471 2299 779 2393 μόλωμεν
824 2300 988 2374 ὁδὸν
1032 2305 1447 2395 τρεπώμεθα.
1538 2307 1806 2390 Tamen,
1844 2305 2013 2387 quod
2029 2304 2196 2372 satis
2237 2303 2460 2372 mirari
2495 2322 2624 2370 non

303 2432 564 2497 possum
609 2414 896 2497 fuerunt,
945 2416 1056 2496 qui
1086 2416 1501 2485 Ravennatis
1543 2414 1706 2481 vitio
1749 2433 1894 2481 cum
1915 2412 2442 2481 manifestissimo
2485 2417 2625 2478 tum

304 2520 652 2603 levissimo,
691 2521 990 2587 nimirum
1029 2572 1044 2587 .
1095 2522 1335 2602 nequid
1379 2523 1461 2587 de
1506 2521 1645 2587 eius
1706 2520 1857 2585 libri
1905 2520 2099 2586 laude
2139 2518 2476 2585 videretur
2517 2519 2624 2585 de-

303 2632 591 2696 tractum
649 2646 812 2710 esse,
886 2647 1086 2696 verae
1147 2628 1513 2710 scripturae
1570 2626 1856 2708 vestigia
1920 2624 2241 2691 contineri
2296 2628 2627 2707 putarent.

303 2735 629 2819 Bergkius
686 2736 881 2818 enim,
943 2729 1126 2801 cuius
1176 2734 1524 2802 Velsenius
1576 2731 2021 2815 comprobavit
2084 2731 2500 2814 sententiam,
2544 2725 2626 2808 ἢν

301 2843 465 2910 illud
506 2842 575 2908 in
618 2836 697 2929 ἢν
739 2843 1037 2910 mutavit.
1125 2844 1206 2910 Id
1243 2845 1693 2922 commentum,
1735 2840 1905 2920 quod
1946 2845 2024 2905 ut
2048 2839 2229 2906 inani
2258 2844 2330 2906 et
2361 2840 2625 2922 caduco,

305 2949 729 3016 fundamento
769 2948 999 3031 nisum,
1037 2948 1208 3015 omni
1250 2947 1717 3031 probabilitate
1763 2944 2151 3012 destitutum
2194 2949 2318 3027 est,
2360 2943 2491 3012 iam
2511 2962 2629 3026 per

306 3076 378 3123 se
432 3055 874 3123 reiectaneum
930 3060 1033 3122 est
1053 3106 1070 3139 ,
1128 3055 1281 3136 quia
1339 3073 1415 3122 eo
1468 3058 1740 3136 accepto
1798 3051 2113 3120 orationis
2159 3050 2495 3135 elegantia
2557 3055 2628 3117 et

303 3164 736 3248 perspicuitas
767 3164 1024 3230 tollitur
1047 3168 1117 3230 et
1144 3162 1485 3232 evertitur.
1579 3160 1742 3245 Quis
1765 3160 1935 3227 enim
1975 3178 2105 3227 non
2147 3159 2332 3226 videt
2377 3158 2616 3225 nudum

306 3271 470 3337 illud
513 3269 764 3358 ἐκείνην
802 3272 996 3338 valde
1040 3274 1400 3354 obscurum,
1445 3270 1643 3338 valde
1684 3268 2063 3351 languidum
2104 3285 2248 3332 esse
2268 3265 2301 3330 ⁴?

511 3439 684 3505 Item
727 3457 990 3506 versum
1057 3445 1204 3524 ¹741,
1251 3441 1362 3521 qui
1400 3459 1483 3507 ex
1516 3437 1927 3507 Ravennatis
1972 3434 2288 3503 lectione:
2334 3433 2476 3500 εἰπέ
2515 3456 2628 3519 μοι

307 3569 431 3612 νυν
492 3546 554 3611 τί
588 3545 818 3630 4δροῦνς
873 3564 1136 3629 prorsus
1183 3548 1531 3630 claudicat,
1576 3544 1985 3612 sanissimum
2023 3542 2092 3609 in
2133 3540 2355 3608 codice
2397 3542 2440 3619 β
2479 3557 2626 3605 con-

309 3657 641 3720 servatum
685 3670 854 3718 esse:
903 3651 1047 3719 ἐιπέ
1067 3679 1192 3721 νυν
1212 3656 1276 3721 τί
1303 3657 1529 3739 δρῶν;
1587 3672 1844 3735 semper
1889 3649 2202 3717 iudicium
2240 3666 2450 3714 meum
2487 3645 2620 3712 fuit

307 3778 692 3842 quamquam
734 3758 1045 3844 KockiuS,
1086 3780 1272 3841 quem
1316 3759 1764 3843 BambergiuS,
1821 3756 2166 3841 BergkiuS,
2226 3752 2627 3820 Ribbeckius

310 3868 651 3936 Velsenius
682 3872 1058 3951 sequuntur,
1106 3868 1317 3935 eiecta
1359 3867 1686 3950 particula
1723 3889 1848 3932 νυν
1893 3863 2036 3929 ἐιπέ
2073 3885 2186 3949 μοι
2224 3865 2460 3943 poetae
2480 3860 2624 3928 red-

307 3973 588 4040 dendum
628 3994 773 4042 esse
815 3975 1146 4042 censebat.
1234 3975 1422 4060 Quod
1439 3974 1498 4041 si
1531 3992 1605 4040 re
1639 3992 1799 4042 vera
1832 3972 1892 4039 is
1931 3968 2238 4052 dedisset,
2289 3969 2454 4036 haec
2479 3966 2625 4034 fere

310 4078 517 4146 totius
553 4082 961 4163 corruptelae
994 4099 1125 4148 non
1166 4082 1357 4148 nimis
1397 4081 1753 4164 probabilis
1794 4078 2070 4147 historia
2100 4076 2409 4161 fingenda
2444 4075 2629 4142 nobis

313 4189 516 4253 esset:
577 4186 838 4255 adiecta
900 4189 1223 4270 quondam
1263 4193 1366 4256 est
1417 4188 1487 4254 in
1526 4189 1806 4255 omnium
1836 4189 2204 4252 nostrorum
2229 4181 2625 4264 manuscrip-

319 4295 528 4359 tow-
587 4293 946 4378 --⁶¹=etyp0
1003 4314 1046 4363 a
1088 4295 1337 4363 lectore
1391 4295 1669 4378 quodam
1725 4292 1943 4363 nescio
2007 4310 2201 4373 quam
2244 4291 2325 4357 ob
2368 4306 2631 4358 causam

46 4239 99 4246 .-

152 4323 189 4330 ..,

202 4351 291 4368 ..7

842 4555 975 4660 ἑ.
