3015 4740
1344 305 1763 367 „23-

383 490 446 538 v.
510 477 636 536 520
694 489 811 536 om.
866 471 972 535 καὶ
1027 474 1036 552 Ι
1090 489 1153 537 v.
1200 476 1322 536 569
1370 466 1529 556 ἐμὸν
1571 475 1714 551 (pro
1751 469 2092 555 ημέτερον)
2133 473 2143 553 l
2180 487 2244 535 v·
2296 473 2418 534 595
2463 463 2653 554 αὐτῷ
2701 470 2709 555 Ι

384 598 446 644 v.
494 583 615 643 654
658 580 935 664 πρῶτον
979 585 1123 659 (pro
1165 570 1300 662 πρό
1342 576 1494 663 τοῦ)
1532 579 1544 663 Ι
1583 596 1645 645 v.
1693 584 1816 643 689
1858 575 2006 642 add.
2053 576 2123 641 δὲ
2161 578 2171 661 l
2208 594 2274 643 V.
2302 581 2427 640 720
2450 574 2555 641 ἐπὶ
2594 582 2602 637 .’
2643 595 2711 643 v.

388 690 513 750 ’760
557 679 848 750 καλεῖσθ’
887 704 1006 750 om.
1047 687 1060 767 1
1096 703 1158 749 V.
1202 689 1329 749 800
1368 702 1486 750 om.
1531 685 1671 749 τῶν
1712 684 1720 770 Ι
1759 702 1822 751 v.
1848 687 1973 748 806
2002 680 2214 763 ἐξολῶ
2254 683 2266 771 Ῑ
2302 701 2364 750 v.
2393 689 2517 749 896
2551 681 2709 748 add.

383 792 488 856 καὶ
529 840 535 876 3
576 809 637 859 V.
675 797 827 855 1171
864 793 1096 876 πρῶμε
1123 791 1241 875 μὲν
1284 786 1346 855 εἷ
1377 800 1384 872 1
1423 808 1485 857 V.
1536 793 1699 856 1195
1736 782 2128 876 ὑπομανιῶν
2149 784 2269 875 τὴν
2311 790 2671 874 νουμηνίαν
2700 797 2710 864 Ι

382 918 445 964 v.
502 905 660 964 1203
709 918 827 964 om.
875 891 1154 983 πρόβατ’
1193 916 1200 975 ι
1240 916 1300 965 v.
1351 902 1515 963 1426
1539 893 1781 973 αὐτοὺς
1821 904 1827 976 ξ
1867 915 1924 963 V.
1955 901 2108 963 1491
2139 916 2257 962 om.
2282 892 2338 981 γ’
2378 928 2383 976 3
2426 893 2711 981 ἀπεχθέ-

385 1024 497 1072 σει.
548 1008 561 1093 Ι
689 1006 872 1087 Quae
936 1004 992 1070 si
1062 1003 1204 1085 quis
1259 1007 1520 1070 attente
1567 1003 2071 1086 examinaverit,
2123 1004 2485 1071 adducetur
2525 1024 2710 1087 pror-

387 1132 497 1178 sus
538 1111 782 1177 rationi
825 1111 1291 1179 convenienter
1343 1112 1429 1177 ad
1471 1111 1979 1178 concludendum
1997 1163 2013 1196 ,
2065 1130 2460 1178 communem
2501 1111 2710 1178 fuisse

384 1219 795 1287 Ravennatis
839 1224 908 1285 et
956 1219 1195 1285 Veneti
1235 1220 1304 1284 in
1345 1219 1638 1286 Nubibus
1682 1218 1951 1302 fontem,
1999 1218 2126 1285 nisi
2150 1219 2323 1286 forte
2367 1224 2459 1302 tu,
2506 1206 2711 1306 (quod

383 1327 549 1394 nihil
593 1317 789 1410 c'ogit,
836 1330 912 1391 ut
957 1331 1140 1391 statu
1182 1327 1413 1412 amus).
1503 1328 1830 1392 Venetum
1875 1346 1957 1392 ex
1999 1326 2427 1409 compluribus
2474 1326 2708 1392 codici-

382 1435 502 1499 bus
563 1431 1076 1498 contaminatum
1134 1433 1504 1498 contendes.
1610 1432 1824 1498 Huius
1882 1432 2087 1515 ipsius
2143 1437 2363 1498 autem
2422 1438 2702 1514 peccata

354 1557 514 1605 .non
538 1538 724 1606 iuvat
766 1537 880 1603 hic
921 1556 1328 1621 coacervare,
1375 1538 1540 1604 nihil
1584 1539 1755 1605 enim
1800 1545 1922 1622 est,
1965 1540 2133 1620 quod
2158 1558 2240 1604 ex
2262 1539 2355 1606 eis
2392 1539 2710 1606 utilitatis

383 1646 467 1713 ad
515 1649 808 1711 nostram
863 1646 1309 1726 quaestionem
1366 1648 1732 1713 assecuturi
1792 1648 2022 1728 simus3
2101 1648 2391 1714 breviter
2445 1651 2707 1714 tantum

383 1753 741 1820 monuerim
792 1773 938 1820 eum
990 1753 1062 1821 in
1119 1754 1412 1820 Nubibus
1461 1755 1692 1820 mirum
1750 1754 1819 1820 in
1879 1755 2135 1821 modum
2193 1755 2707 1837 corruptelarum

384 1861 680 1926 sordibus
723 1860 1002 1927 obsitum
1039 1879 1215 1929 esse..

592 2010 818 2090 Neque
839 2009 989 2077 huic
1015 2009 1364 2076 affinitatis
1407 2011 1670 2093 rationi,
1716 2029 1906 2091 quam
1940 2010 2126 2076 modo
2168 2009 2520 2093 declaravi,
2565 2014 2707 2076 tres

382 2120 807 2202 refragantur
848 2120 1006 2185 locl:
1054 2123 1198 2202 326,
1245 2125 1390 2202 330,
1438 2123 1623 2185 1418.
1734 2119 1982 2202 Primo,
2041 2120 2182 2185 loco
2230 2118 2342 2183 ubi
2394 2118 2463 2183 in
2506 2117 2699 2198 idem,

380 2228 451 2292 in
494 2230 661 2308 quod
703 2228 926 2310 ceteri,
968 2228 1262 2293 Venetus
1306 2226 1471 2293 abiit
1518 2226 1751 2293 vitium
1800 2220 2038 2315 (ὁρῶν)
2078 2225 2705 2309 elegantissimus-et

383 2335 761 2403 sanissimus
804 2353 886 2401 ex
928 2335 1318 2403 Ravennate
1360 2334 1579 2416 prodit
1622 2332 1729 2401 hic
1772 2333 2163 2401 versiculus:

496 2455 501 2462 ’
757 2469 879 2529 ΣΤ
912 2458 1006 2543 ὡς
1045 2460 1128 2530 ου’
1165 2467 1446 2550 καθορῶ
1484 2468 1633 2529 Σῼε
1672 2460 1853 2549 παρὰ
1896 2459 2014 2549 τὴν
2056 2462 2312 2528 εἴσοδον

1489 2574 1632 2635 ΣΤ;
1682 2566 1803 2655 ἤδη
1844 2571 1992 2635 νυνὶ
2024 2562 2212 2654 μόλις
2262 2561 2496 2644 οὕτως.

585 2698 715 2763 Sed
765 2697 919 2791 hinc
972 2716 1100 2763 non
1151 2697 1573 2780 pertimescO,
1618 2715 1702 2762 ne
1757 2697 1899 2777 quis
1941 2697 2313 2779 argumenti
2355 2696 2706 2778 quidquam

381 2807 467 2871 ad
514 2807 908 2872 sententiam
961 2825 1170 2871 meam
1228 2806 1671 2887 repellendam
1728 2805 2127 2889 repetiturus
2190 2803 2307 2885 sit,
2347 2803 2457 2884 qui
2498 2802 2705 2868 totius

376 2913 623 2988 ,erroris
661 2913 974 2996 originem
1000 2913 1214 2979 animo
1257 2913 1382 2978 sibi
1422 2911 1787 2992 effinxerit3
1832 2906 1977 2996 ὁρῶ
2016 2911 2292 2993 quidem,
2339 2910 2508 2990 quod
2548 2908 2703 2974 olim
2759 2944 2765 2948 <

382 3020 467 3086 ad
508 3013 726 3096 οὕτως
782 3040 823 3085 a
872 3019 1118 3085 lectore
1183 3020 1460 3099 quodam
1506 3018 1991 3100 interpretandi
2048 3036 2246 3085 causa
2301 3015 2703 3098 adscriptum

385 3130 562 3209 erat,
619 3130 756 3191 tum
813 3127 1181 3208 peraliquot
1235 3127 1435 3194 libros
1478 3144 1682 3206 usque
1737 3127 1822 3192 ad
1869 3145 2013 3192 eum
2058 3126 2344 3192 codicem
2383 3140 2703 3205 propaga-

843 3283 859 3300 2
1733 3254 1843 3299 ορω

374 3328 604 3409 batur,
661 3327 832 3393 unde
889 3326 1098 3391 nostri
1149 3325 1299 3392 libri
1355 3327 1671 3408 pendent:
1732 3319 1986 3404 οὕτως;
2045 3322 2278 3388 deinde
2324 3318 2565 3386 Veneti
2625 3318 2702 3384 li-

376 3434 630 3499 brarius
658 3439 727 3500 et
770 3436 826 3500 is
844 3436 952 3515 qui
992 3436 1061 3497 X
1087 3436 1376 3501 codicum
1419 3437 1824 3518 archetypon
1844 3431 2221 3516 composuit,
2269 3431 2367 3497 nil
2389 3430 2515 3496 nisi
2536 3426 2698 3515 ὁρῶ,

377 3539 610 3620 quippe
650 3541 818 3619 quod
863 3542 1057 3624 longe
1100 3541 1319 3623 aptius
1362 3542 1456 3607 eis
1494 3542 1849 3624 videretur,
1895 3539 2523 3621 transscripserunt,
2570 3537 2701 3601 Ra-

377 3646 682 3714 vennatis
706 3665 862 3713 vero
908 3647 1121 3713 scriba
1153 3650 1357 3713 solum
1392 3641 1609 3726 οῧτως
1634 3649 1699 3734 ¹).
1787 3648 1969 3714 Idem
2007 3648 2075 3712 in
2095 3643 2467 3714 universum
2490 3647 2700 3709 statu-

377 3755 610 3821 endum
655 3758 756 3820 est
800 3754 880 3818 de
923 3772 1118 3820 versu
1165 3762 1308 3838 330,
1352 3756 1461 3836 qui
1501 3761 1709 3821 metro
1757 3775 1838 3821 ex
1879 3754 2289 3823 Ravennatis
2353 3756 2423 3816 et
2463 3753 2533 3813 X
2580 3750 2697 3817 lib-

377 3882 592 3929 rorum
636 3862 919 3946 lectione
961 3859 1150 3928 σκιὰν
1196 3864 1478 3946 turpiter
1523 3865 1961 3945 pessumdatO,
2006 3847 2525 3942 praeclarissime
2572 3860 2698 3925 Ve-

377 3970 519 4035 neti
557 3968 840 4039 subsidio
883 3971 1288 4038 emaculatur
1330 3967 1675 4057 (καπνὸν).

589 4267 629 4333 ¹)
662 4266 896 4333 Saepius
931 4267 1153 4335 obtigit,
1192 4271 1255 4320 ut
1274 4281 1406 4319 vera
1440 4267 1682 4320 lectione
1702 4267 1904 4334 elapsa,
1943 4264 2118 4318 solum
2145 4265 2697 4330 interpretamentum

350 4357 705 4422 remaneret,
739 4355 896 4410 velut
930 4372 983 4410 v.
1021 4356 1124 4410 265
1159 4356 1216 4410 in
1261 4356 1318 4424 V,
1354 4356 1650 4423 equ.'902;
1691 4356 1822 4409 nub.
1859 4354 1978 4435 649,
2020 4353 2169 4422 1161,
2215 4354 2363 4408 1012.
