3015 4740
1397 310 1781 387 ...ψδ-

418 490 745 559 consentit
787 491 857 558 in
903 491 1132 574 σσφῶς
1161 491 1243 579 ‚et
1283 505 1346 556 v.
1398 488 1523 556 35¹7
1564 487 1635 555 in
1674 478 1982 575 έπιπισὸν,
2026 506 2089 558 v.
2135 488 2288 572 388,
2344 486 2515 570 quod
2554 482 2731 556 solus

416 597 481 659 R
515 598 790 678 praebet
831 595 1107 661 ἔλαττον
1155 593 1389 669 (ceteri
1430 590 1683 682 ὀλίγον)
1712 620 1726 675 ;
1770 581 1959 662 idem
1986 595 2118 662 iam
2158 595 2520 662 scholiasta
2559 590 2730 660 anti-

415 703 632 782 quitus
675 704 1018 785 vulgatum
1060 700 1262 765 fuisse
1301 699 1611 767 affirmat.
1699 702 1925 783 Neque
1967 702 2165 770 aliter
2221 722 2284 771 v.
2334 706 2453 769 '761
2500 717 2736 787 προσι-·

412 810 648 874 κέσθαι
689 825 812 891 σοι,
858 801 1186 893 πρότερον
1233 807 1406 887 apud
1441 806 1706 874 Suidam
1752 824 2004 889 quoque
2041 806 2390 877 invenitur.
2477 807 2730 873 Eadem

410 916 772 982 autoritate
817 915 1104 995 fulcitur,
1148 915 1317 992 quod
1363 932 1427 981 v.
1473 916 1599 980 8'56
1645 915 1715 980 in
1752 916 1816 979 R
1831 914 2147 982 habetur.
2190 908 2727 990 κατασπάσαντες

409 1040 471 1089 V.
531 1027 695 1088 1256
741 1019 966 1106 ἔσομαι
1010 1019 1245 1107 (ceteri
1285 1019 1605 1107 γένωμαι)
1650 1024 1719 1087 et
1764 1022 1829 1084 R
1869 1025 1938 1087 et
1978 1021 2212 1088 Suidas
2255 1020 2599 1100 obferunt,
2664 1036 2727 1087 v.

256 1182 287 1215 4,
410 1130 576 1192 1277
623 1122 824 1204 αὐτὸς
864 1127 949 1192 ab
995 1126 1226 1192 eodem
1269 1124 1606 1207 firmatum
1651 1145 1713 1194 v.
1764 1128 1928 1192 1278
1972 1127 2250 1207 denique
2292 1119 2393 1193 ὢν
2436 1132 2578 1207 (pro
2611 1114 2725 1211 ἦν)

408 1217 492 1295 R'
510 1238 580 1298 et
623 1233 855 1299 Suidas
898 1233 1190 1298 tradunt.
1283 1232 1441 1297 Cum
1500 1237 1727 1298 autem
1786 1234 2049 1316 horum,
2112 1250 2277 1313 quae
2331 1232 2485 1312 quin
2538 1232 2608 1297 in
2665 1232 2730 1294 R

402 1338 554 1405 libri
595 1341 952 1422 archetypo
976 1408 980 1415 ,
1002 1339 1132 1404 iam
1172 1337 1572 1420 exstiterint,
1619 1338 1906 1405 dubitari
1952 1340 2200 1422 nequit,
2243 1352 2509 1421 prorsus
2541 1336 2634 1403 nil
2658 1336 2728 1404 in

387 1444 482 1505 -V
513 1446 899 1528 reperiatur,
947 1445 1402 1528 colligendum,
1452 1445 1695 1529 opinor,
1740 1446 1893 1512 inde
1939 1445 2307 1514 necessario
2351 1445 2501 1531 erit,
2553 1463 2590 1510 e
2608 1457 2729 1513 um

403 1550 541 1630 qui
599 1552 660 1613 V
694 1551 1235 1633 exaraverit,
1280 1551 1366 1616 in
1407 1551 1877 1631 Equitibus
1921 1553 2250 1633 quidem
2295 1550 2728 1634 exemplar

401 1657 740 1737 aliquod
783 1657 1280 1724 Ravennatis
1324 1659 1756 1740 archetypo
1797 1659 2014 1752 satis
2056 1658 2457 1724 dissimile
2507 1674 2726 1723 usur-

401 1782 540 1846 pas
557 1784 670 1845 se3
717 1764 843 1830 nisi
883 1764 1056 1832 forte
1100 1768 1177 1829 tu
1215 1763 1293 1828 ob
1338 1783 1534 1830 unam
1565 1764 1743 1837 inter
1783 1766 1849 1828 R
1877 1770 1947 1831 et
1994 1763 2555 1833 Vsimilitudinem
2585 1781 2729 1830 sen-

401 1872 680 1939 tentiam
745 1890 954 1938 meam
1008 1871 1530 1954 redarguendam
1578 1888 1722 1938 esse
1779 1877 1994 1954 putas.
2097 1862 2465 1938 Exhibetur
2535 1870 2726 1958 enim,

399 1984 606 2045 metro
646 1980 1043 2060 pessundato
1087 1997 1316 2045 versus
1355 1982 1476 2045 346
1516 1983 1586 2045 et
1627 1979 1698 2045 in
1741 1980 1806 2043 R
1835 1984 1905 2046 et
1929 1980 1999 2046 in
2039 1979 2290 2046 thnc
2318 1979 2388 2045 in
2430 1979 2719 2047 modum:

485 2083 625 2152 ἀλλ’
671 2076 843 2152 ὄισθ’
889 2080 1053 2172 ὅπερ
1097 2087 1511 2152 πεπονθέναι
1542 2109 1653 2171 μοι
1694 2087 1936 2169 δοκεΐς;
1986 2079 2150 2173 ὅπερ
2194 2083 2274 2153 τὸ
2317 2088 2601 2174 πλῆθοςς

399 2193 469 2259 in
509 2194 747 2260 ceteris
790 2193 975 2260 libris
1020 2197 1240 2260 autem
1282 2194 1465 2260 salvo
1509 2172 1751 2260 me'tro:

484 2295 622 2366 ἄλλ’
668 2295 840 2365 οἶσθ’
880 2293 1033 2386 ὅμοι
1075 2300 1487 2366 πεπονθέναι
1532 2302 1777 2382 δοκεῖς;
1823 2291 1988 2385 ὅπερ
2032 2297 2111 2364 τὸ
2154 2302 2439 2387 πλῆθοςς

602 2407 733 2473 Sed
777 2407 929 2473 hinc
981 2406 1124 2487 quis
1168 2410 1271 2472 est
1312 2407 1422 2485 qui
1460 2406 1831 2490 argumenti
1856 2406 2211 2487 quidquam
2236 2405 2472 2489 petat?
2522 2405 2724 2472 Patet

397 2513 587 2596 enim,
631 2514 878 2597 opinor,
924 2533 1067 2580 eam
1092 2513 1162 2579 in
1194 2504 1433 2580 ceteris
1459 2513 1786 2581 codicibus
1819 2514 2235 2600 scripturam,
2290 2534 2418 2596 qua
2447 2516 2725 2579 metrum

395 2620 902 2704 redintegratur,
948 2621 1047 2687 ita
1093 2625 1303 2687 ortam
1346 2638 1510 2704 esse,
1555 2625 1630 2688 ut
1667 2622 1883 2689 'lector
1924 2619 2164 2701 aliquis
2208 2625 2534 2704 a‘ttentuS,
2580 2638 2725 2688 ver-

395 2726 585 2792 siculi
618 2729 902 2795 numeris
944 2729 1383 2810 consulturus,
1437 2728 1603 2807 illud
1656 2722 1822 2813 ὅπερ
1875 2728 2301 2795 πεπονθέναι
2346 2751 2459 2812 μοι
2493 2727 2724 2806 δοκεῖς,

394 2837 701 2901 mutaret.
786 2836 1004 2915 Atque
1048 2834 1117 2900 id
1159 2833 1416 2915 quidem
1457 2837 1725 2900 nostrae
1768 2836 2018 2902 aetatis
2057 2836 2342 2901 editores
2376 2833 2723 2900 intellexe-

392 2943 565 3022 runt,
607 2941 717 3020 qui
757 2942 1060 3024 neglecto
1109 2940 1239 3006 isto
1282 2940 1718 3020 antiquissimi
1762 2941 2162 3009 conrectoris
2207 2944 2566 3008 commento
2599 2940 2715 3007 im-

391 3046 712 3127 probabili
759 3047 1173 3115 verisimilius
1227 3048 1432 3120 multo
1487 3058 1639 3128 (non
1693 3049 1864 3114 enim
1919 3068 2068 3116 raro
2159 3050 2246 3116 ad
2302 3048 2725 3131 imperativos

352 3194 357 3198 ·
391 3154 577 3219 velut
615 3155 702 3221 ad
745 3153 885 3220 ἒιπὲ
922 3157 1151 3221 contra
1185 3159 1463 3219 metrum
1502 3175 1615 3239 μοι
1657 3156 2066 3243 adiungitur)
2111 3180 2222 3242 μοι
2260 3174 2609 3238 pronomen
2640 3155 2723 3221 de

390 3258 715 3327 laverunt.
751 3260 857 3326 En
867 3265 944 3330 tu
965 3262 1167 3327 habes
1181 3258 1440 3325 unicum
1463 3259 1778 3339 siquidem
1795 3261 2170 3331 Velsenium
2187 3263 2515 3342 sequimur
2530 3262 2723 3343 idque

390 3368 589 3432 tenue
616 3366 888 3434 alicuius
913 3367 983 3434 in
999 3368 1064 3430 R
1077 3371 1147 3434 et
1174 3365 1647 3450 Vcognationis
1680 3367 2060 3451 vestigium
2088 3369 2423 3451 complura
2454 3372 2724 3436 exstant

391 3476 660 3539 auctore
685 3473 1038 3542 Dindorfio.
1125 3474 1224 3540 Et
1250 3462 1356 3540 hic
1407 3474 1692 3557 quidem,
1736 3478 1811 3540 ut
1839 3493 2078 3558 magna
2102 3474 2395 3542 Velsenii
2425 3475 2503 3542 ‘in
2524 3494 2723 3558 appa-

390 3589 607 3646 ratum
620 3581 916 3646 criticum
932 3580 1173 3646 merita
1197 3581 1523 3646 declarem
1543 3584 1743 3660 atque
1767 3601 2038 3663 parvam
2062 3582 2259 3649 istam
2286 3582 2708 3649 collationum

390 3685 956 3754 Dindorfianarum
997 3686 1189 3753 fidem
1215 3686 1573 3770 ostendam,
1619 3687 1868 3768 aliquot
1914 3690 2212 3771 exempla
2244 3688 2315 3755 in
2339 3693 2722 3756 transcursu

390 3791 695 3879 collecta,
751 3811 833 3860 ex
887 3794 1116 3874 quibus
1159 3793 1533 3860 coniectura
1574 3813 1705 3862 non
1762 3794 1974 3861 nimis
2036 3795 2292 3863 incerta
2343 3796 2424 3862 de
2479 3793 2721 3859 ceteris

389 3899 631 3967 fabulis
654 3901 795 3966 fieri
814 3905 1052 3984 potest,
1076 3900 1145 3966 in
1175 3901 1453 3968 medium
1476 3901 1842 3983 proferam:
1865 3919 1930 3970 v.
1965 3910 2006 3968 8
2027 3902 2414 3969 Dindorfus:
2465 3901 2719 3986 ,,νῦνδη

393 4006 457 4069 R
501 4005 580 4086 V;
600 4011 639 4045 “
685 4012 915 4075 contra
959 4007 1304 4075 Velsenius
1344 4012 1651 4075 testatur
1694 4005 1773 4095 δὴ
1816 4010 1994 4076 solus
2036 4011 2116 4074 R.
2164 4046 2247 4059 -
2290 4024 2353 4074 v.
2400 4012 2522 4072 120
2556 4005 2717 4074 Din-

306 4132 311 4136 ·
390 4112 635 4180 dorsus:
679 4108 839 4197 ,βάς
880 4139 992 4200 μοι
1031 4116 1356 4198 praebent
1404 4121 1610 4196 PV;“
1665 4116 1855 4182 immo
1907 4121 1988 4181 P:
2044 4112 2158 4192 δός
2206 4135 2319 4199 μοι
2362 4107 2479 4193 δός
2521 4118 2591 4181 et
2643 4125 2716 4183 V:

389 4214 504 4298 δός
545 4237 626 4287 συ
669 4243 781 4306 μοι
825 4213 955 4300 do‘g.
1007 4261 1088 4298 .--
1129 4241 1193 4289 V·
1234 4228 1358 4290 275
1395 4220 1613 4290 Dind:
1665 4226 1946 4308 „npobw
1970 4233 2018 4287 R
2054 4219 2319 4304 Vvulgo
2355 4224 2714 4309 πρῶτον;“

386 4325 576 4393 immo
632 4329 871 4413 πρῶτα
915 4339 963 4393 R
1007 4329 1202 4422 solus·
1247 4368 1326 4377 -—-
1404 4346 1469 4399 v.
1513 4331 1640 4396 338
1683 4328 1913 4400 Dind.:
1977 4323 2109 4412 ,,μὰ
2161 4329 2283 4395 Δία
2324 4330 2574 4407 ΕΓΔΘ,
2620 4328 2713 4395 le-

2355 4448 2412 4503 1*
