3015 4740
1256 440 1342 457 -
1429 408 1512 471 36
1602 420 1773 454 --·

301 571 535 641 deinde
590 573 766 643 inter
820 576 1023 644 ΔΘΜ
1078 579 1147 643 et
1202 580 1249 643 A
1311 592 1662 643 consensus
1728 585 1823 639 ex*
1858 572 2180 640 editorum
2241 571 2521 655 silentio,
2580 582 2639 647 si

304 681 560 763 quidem
599 688 909 752 accurate
952 684 1437 754 adnotaverunt
1461 683 1824 752 certissime
1865 681 2345 749 concludendus
2383 685 2486 748 est
2507 699 2637 747 non

300 790 527 872 paucis
582 792 777 860 locis:
838 814 903 863 v.
957 798 1083 883 48,
1129 798 1273 876 355,
1333 799 1478 876 377,
1542 797 1692 878 451,
1734 796 1878 875 647,
1926 794 2071 873 692,
2125 796 2247 855 707
2293 796 2436 872 737,
2486 794 2634 872 805,

303 902 448 964 925.
538 899 684 983 Qua
724 904 992 984 propter
1029 920 1159 968 non
1196 900 1326 968 iam
1371 919 1622 984 vereor,
1669 902 1980 981 quattuor
2021 900 2140 963 hos
2162 898 2362 963 libros
2401 897 2637 979 quippe

297 1004 624 1074 artissime
646 1008 1024 1076 coniunctos
1053 1027 1179 1076 uno
1216 1009 1472 1075 nomine
1496 1013 1569 1073 X
1584 1006 2147 1089 comprehendere.
2235 1005 2366 1071 Sed
2414 1004 2635 1086 paullo

300 1110 674 1183 distinctius
716 1120 786 1183 et
832 1117 1224 1200 explicatius
1262 1118 1348 1184 ‚de
1394 1116 1489 1183 eis
1533 1116 1979 1183 disserendum
2030 1112 2174 1179 erit.
2264 1112 2635 1179 Ambrosia-

300 1237 425 1287 nus
462 1220 670 1305 igitur
709 1228 784 1290 ut
823 1224 895 1290 in
936 1224 1286 1304 Equitibus
1329 1228 1585 1290 textum
1624 1222 2018 1291 haud-dubie
2063 1221 2343 1303 praebet
2388 1239 2471 1285 ex
2501 1220 2635 1284 Ra·
2679 1271 2684 1275 .

301 1329 608 1397 vennatis
632 1335 700 1398 et
732 1350 814 1397 ex
846 1336 918 1396 X
933 1332 1224 1399 codicum
1245 1332 1644 1399 lectionibus
1675 1334 2013 1398 consutum
2038 1334 2238 1409 atque
2283 1327 2636 1410 confusum,

297 1434 398 1502 ita
425 1437 495 1502 in
519 1441 747 1504 nostra
772 1439 999 1506 fabula
1042 1440 1182 1507 sola
1222 1459 1304 1506 ex
1329 1440 1696 1506 traditione
1712 1458 1916 1519 quam
1946 1455 2253 1505 vocamus
2284 1439 2357 1501 X
2370 1436 2636 1518 pendet.

300 1541 486 1626 Quae
528 1546 666 1611 tam
707 1552 943 1629 apert-a
971 1566 1078 1614 res
1120 1551 1243 1630 est,
1286 1552 1362 1614 ut
1405 1549 1616 1614 oleum
1662 1547 1959 1629 profecto
2007 1549 2075 1610 et
2121 1563 2382 1626 operam
2406 1544 2636 1624 perde-

295 1670 462 1735 rem,
532 1653 588 1719 si
654 1654 1043 1737 explicatius
1102 1656 1184 1721 de
1229 1674 1307 1721 ea
1344 1660 1859 1740 argumentarer.
1953 1654 2202 1718 Tamen
2263 1670 2460 1716 unum
2503 1670 2636 1717 non

300 1759 441 1825 sine
494 1760 715 1829 fructu
764 1764 1114 1831 observare
1171 1763 1330 1829 licet
1348 1814 1364 1847 ,
1448 1760 1973 1847 dilligentissime
2041 1758 2541 1824 Ambrosianum
2593 1777 2636 1823 a

298 1867 563 1934 Musuro
615 1869 701 1935 ad
764 1870 1012 1937 scholia
1066 1870 1528 1952 Aristophanis
1591 1869 1928 1936 condenda
1982 1867 2051 1932 in
2093 1884 2277 1931 usum
2323 1868 2632 1932 vocatum

300 1995 462 2043 esse.
554 1976 751 2044 Cuius
788 1977 885 2043 rei
924 1977 1164 2044 idcirco
1202 1998 1437 2061 operae
1485 1978 1772 2060 pretium
1793 1981 1896 2043 est
1939 1973 2329 2040 mentionem
2352 1991 2633 2055 movere,

302 2083 454 2164 quia
498 2084 926 2167 gravissimae
965 2090 1034 2151 et
1077 2087 1588 2168 pretiosissimae
1632 2103 1738 2151 res
1778 2083 2049 2151 subinde
2093 2081 2161 2147 in
2206 2080 2449 2157 Aldina
2492 2081 2633 2145 sola

301 2191 592 2258 traditae
631 2196 797 2258 sunt.
884 2191 1378 2275 Expromantur
1420 2212 1578 2277 ergo
1626 2194 1713 2259 ad
1734 2190 2193 2259 illustrandam
2231 2187 2630 2255 sententiam

302 2316 512 2369 meam
552 2301 847 2385 exempla
889 2301 1137 2385 aliquot
1182 2302 1560 2398 luculenta:

830 2451 920 2520 M.
1948 2449 2168 2517 Aldin.

311 2567 415 2634 ad.
460 2585 523 2636 v.
560 2574 706 2637 249.

309 2661 523 2737 ἐδόκει
562 2668 641 2739 τὸ
685 2676 827 2740 τῶν
851 2673 1238 2759 Βυζαντίων
1277 2664 1441 2737 πάν·
1494 2665 1708 2738 ἐδόκει
1751 2670 1829 2739 τὸ
1885 2675 2027 2739 τῶν
2088 2671 2474 2755 Βυζαντίων
2525 2662 2634 2734 νό-

307 2795 450 2838 των
508 2769 849 2859 ἐλάχιστον
889 2772 1056 2843 εἶναι
1111 2777 1219 2841 καὶ
1280 2800 1443 2859 φαυ-
1493 2791 1695 2864 μισμα
1745 2756 2083 2861 ἐλάχιστον
2140 2770 2305 2839 εἶναι
2358 2767 2634 2837 πάντων

305 2867 612 2942 λότατον·
634 2870 748 2945 ἅτε
791 2870 1154 2967 σιδηροῦν(
1124 2871 1446 2993 υπάρχον’
1496 2881 1605 2944 καὶ
1650 2873 2103 2962 φαυλότατον,
2151 2867 2268 2941 άτε
2323 2875 2634 2960 σιδηροῦν

310 2976 447 3044 ἐκεῖ
482 2974 605 3066 γὰρ
645 2972 970 3086 μέταλλον
1014 2979 1194 3046 ἐστιν
1209 3029 1226 3063 ,
1274 2978 1346 3045 ἐν
1390 2963 1448 3065 ᾧ
1499 2973 1817 3066 ὑπάρχον.

312 3103 602 3167 ωμνυον.

308 3217 395 3268 V.
433 3206 563 3271 44⁷
626 3195 907 3290 κύρβις.
934 3195 976 3289 ἡ
1032 3203 1229 3285 σανὶς,
1282 3199 1450 3268 ε’νθα
1500 3196 1749 3288 κύρβις·
1788 3227 1828 3288 η
1886 3200 2082 3283 σανὶς,
2132 3197 2299 3266 ἔνθα
2358 3187 2521 3285 ἦσαν
2576 3195 2636 3263 οἱ

310 3291 475 3389 ἦσαν
490 3303 552 3372 οἱ
576 3298 771 3392 νόμοι
797 3305 1243 3391 γεγραμμένοι.
1283 3306 1450 3391 λέγει
1498 3302 1694 3390 νόμοι
1749 3302 2193 3390 γεγραμμένοι.
2257 3301 2422 3387 λέγει
2479 3299 2638 3369 οὐν,

315 3406 458 3489 οὖν,
502 3408 559 3471 εἰ
600 3401 685 3474 τά
725 3432 796 3494 γε
834 3402 1002 3472 αλλα
1031 3398 1292 3491 δόξαιμι
1311 3417 1452 3482 τοῖς
1502 3406 1559 3471 εἰ
1600 3397 1683 3471 τά
1713 3429 1785 3471 τε
1820 3401 1986 3471 ἄλλα
2017 3397 2279 3489 δόξαιμι
2309 3413 2449 3484 τοῖς
2477 3405 2637 3465 πολ-

311 3512 585 3586 πολλοϊς
615 3509 778 3575 καὶ
759 3508 1064 3595 έμπειρος
1104 3503 1269 3574 εἶναι
1308 3531 1450 3574 των
1503 3497 1643 3585 λοῖς
1683 3508 1791 3572 καὶ
1832 3504 2134 3593 έμπειρος
2170 3502 2335 3573 εἶναι
2362 3527 2504 3571 των
2527 3496 2640 3568 νό-

319 3603 674 3699 ὄνομάτων
694 3612 802 3677 καὶ
823 3612 967 3676 τῶν
995 3603 1218 3697 λόγων
1240 3603 1453 3697 ἡδέως
1501 3634 1649 3695 μων
1691 3610 1798 3675 καὶ
1836 3611 1978 3675 τῶν
2022 3603 2263 3695 λόγων,
2304 3602 2514 3696 ἡδέως
2554 3595 2670 3671 ἂν·

317 3721 564 3803 παθεῖν
605 3709 764 3801 παρ’
803 3704 1012 3799 ὑμῶν,
1055 3715 1197 3780 πᾶν
1236 3705 1450 3778 ὃποῦν
1502 3708 1920 3798 ὑπομείναιμι
1962 3714 2099 3778 πᾶν
2123 3703 2351 3776 ὁτιοῦν
2371 3713 2638 3776 παθεῖν.

318 3826 563 3886 παθεῖν
601 3818 710 3884 καὶ
754 3807 1114 3901 ὑπομεῖναι.
1181 3808 1453 3890 ’Ἄλλως
1485 3809 1758 3892 ’Ἄλλως
1802 3810 2033 3900 κύρβις
2071 3806 2112 3877 ὅ
2148 3812 2511 3906 περίεργος,
2556 3803 2640 3875 ὃν

321 3913 554 4006 κύρβις
598 3914 635 3988 ὃ
661 3919 1013 4007 περίεργος,
1053 3911 1134 3985 ὃν
1168 3914 1293 3983 ov’x
1315 3914 1453 3983 ἔστι
1505 3911 1630 3984 ov'x
1672 3915 1809 3983 ἔστι
1851 3918 2073 3995 λαβεῖν
2116 3909 2157 3999 ἢ
2197 3907 2495 4000 μνήμων.
2531 3913 2641 3977 καὶ

323 4024 572 4089 λαθεῖν.
631 4016 672 4110 ἢ
702 4014 982 4144 μνήμων
1044 4022 1153 4085 καὶ
1205 4017 1343 4108 γὰρ’
1389 4017 1453 4085 αἱ
1500 4016 1625 4109 γὰρ
1648 4018 1713 4085 αἱ
1744 4012 2006 4106 κύρβεις
2024 4012 2195 4103 πρὸς
2223 4009 2479 4101 μνήμην
2514 4014 2639 4100 εἰρ-

200 4209 205 4217 .
319 4117 583 4208 κύρβεις
595 4120 764 4209 πρὸς
785 4119 1038 4213 μνήμην
1060 4116 1450 4209 εἰργάζοντο.
1499 4117 1798 4209 γάζοντο.

318 4258 384 4309 V.
429 4236 554 4306 47'1
593 4234 810 4319 ου’τως
848 4239 971 4362 γὰρ
1016 4234 1295 4308 ἐκάλουν
1338 4237 1458 4317 τὰς
1503 4236 1721 4317 οὕτως
1760 4234 1899 4354 γὰρ,
1943 4230 2223 4299 ἐκάλουν
2284 4230 2414 4328 τάς
2457 4232 2643 4307 δίκας

327 4342 515 4419 δίκας
546 4335 764 4421 πάσας
814 4338 1164 4431 πράγματα
1214 4335 1276 4408 x'
1274 4334 1453 4408 α’ντι-
1502 4335 1721 4417 πάσας
1761 4331 2111 4465 πράγματα
2153 4355 2197 4399 x
2195 4325 2640 4421 ’ἀντιγραφάς

316 4432 589 4529 Υθαφᾶἲ·
