3015 4740
1259 292 1683 378 ...ἠὲ

304 476 423 542 xit.
511 475 641 543 Sed
685 476 834 544 nolo
878 475 1008 544 iam
1050 478 1223 545 hanc
1262 475 1493 545 Cobeti
1518 477 1899 562 opinionem,
1945 490 2136 560 quam
2175 478 2357 545 nullo
2401 478 2630 561 proba-

237 662 243 667 ,
305 580 423 646 bili
467 586 852 664 argumento
896 583 1219 650 firmatam
1280 602 1361 649 ex
1406 585 1499 651 eis
1517 636 1532 667 ,
1610 605 1776 665 quae
1838 602 2034 667 supra
2089 586 2167 651 de
2217 582 2629 652 Ravennatis

309 688 782 770 depravatione
806 690 1120 775 disserui,
1164 690 1580 758 falsissimam
1628 710 1770 758 esse
1812 695 2089 775 apparet
2108 743 2123 774 ‚
2182 691 2446 759 disertis
2482 710 2628 759 ver-

306 795 406 860 bis
446 789 863 878 redarguere.
910 837 993 846 -

508 902 724 968 Unum
766 904 886 968 hoc
930 918 1136 985 genus
1172 920 1477 985 errorum,
1522 904 1752 983 quibus
1793 905 1922 972 viri
1967 906 2144 971 docti
2186 905 2443 972 fabulas
2475 902 2622 968 Ari-

305 1010 703 1089 stophaneas
765 1014 1185 1076 recensentes
1251 1009 1593 1076 constricti
1643 1014 1801 1075 sunt
1839 1011 2051 1077 tribus
2095 1010 2406 1093 exemplis
2461 1010 2625 1075 satis

282 1108 515 1179 'habeo
554 1113 940 1184 illustrasse.
1033 1115 1586 1182 Commemorandi
1627 1119 1851 1181 tamen
1894 1116 2144 1202 [reliqui
2189 1117 2472 1182 eiusdem
2509 1129 2622 1198 ge-

307 1219 484 1286 neris
525 1221 821 1287 bisunt:
867 1241 913 1290 v
961 1228 1102 1288 261.
1147 1227 1289 1288 365.
1339 1228 1482 1287 388.
1532 1227 1675 1288 654.
1719 1228 1861 1288 676.
1906 1226 2049 1288 732.
2077 1228 2223 1287 893.
2251 1227 2395 1290 903.
2433 1224 2620 1289 1058.

310 1327 551 1394 Omnes
594 1330 710 1394 hos
730 1344 958 1401 versus
1001 1346 1129 1393 non
1160 1328 1446 1394 feliciter
1476 1329 1759 1395 editores
1787 1332 2214 1410 temptarunt,
2262 1329 2371 1407 qui
2401 1347 2619 1407 quam-

306 1452 498 1513 quam
541 1444 904 1500 ceterorum
958 1435 1266 1504 librorum
1321 1435 1685 1518 scripturae
1748 1438 1994 1503 nullam
2054 1436 2463 1517 corruptelae
2517 1450 2618 1500 su-

305 1540 654 1621 spicionem
690 1543 1077 1623 movebant,
1151 1544 1374 1609 tamen
1436 1560 1518 1608 ex
1584 1544 1991 1611 Ravennatis
2043 1542 2335 1625 peccatis
2389 1542 2617 1606 melius

311 1648 557 1728 aliquid
616 1635 940 1730 expiscari
978 1667 1167 1730 posse
1214 1635 1365 1714 ‘sibi‘
1388 1650 1799 1717 videbantur.
1845 1690 1925 1702 --
2007 1648 2227 1733 Nunc,
2281 1650 2337 1718 si
2376 1649 2615 1731 placet,

304 1770 417 1819 eas
460 1754 523 1817 R
563 1754 713 1819 libri
780 1755 1094 1820 lectiones
1148 1755 1218 1820 in
1262 1770 1524 1822 censum
1580 1774 1884 1823 vocemus
1901 1806 1918 1839 ‚
1998 1774 2164 1836 quae
2232 1760 2350 1823 aut
2413 1756 2616 1820 multo

300 1861 583 1941 peiorem
626 1877 884 1925 sensum
922 1860 1032 1926 vel
1075 1861 1392 1926 orationis
1436 1862 1893 1927 formationem
1938 1863 2264 1946 efficiunt,
2331 1866 2449 1927 aut
2501 1861 2615 1926 mi-

299 1984 421 2032 nus
476 1965 786 2049 gravibus
852 1966 1247 2032 testimoniis
1325 1967 1747 2034 confirmatae
1805 1972 1977 2034 sunt.
2070 1967 2338 2034 Initium
2396 1973 2616 2033 autem

300 2073 617 2140 faciamus
657 2092 699 2138 a
737 2091 800 2140 v.
834 2077 991 2155 190,
1035 2073 1147 2140 ubi
1186 2058 1255 2138 in
1300 2075 1364 2137 R
1405 2076 1589 2141 τουτὶ
1633 2069 1843 2160 μόνον
1881 2072 1937 2141 σ’
1980 2076 2265 2160 ,ἔβλαψεν
2303 2076 2615 2157 scriptum

305 2184 427 2263 est,
467 2180 537 2245 in
583 2181 803 2248 codice
844 2183 886 2260 β
927 2182 1114 2247 τουτί
1149 2197 1218 2246 σε
1260 2177 1469 2266 μόνον
1487 2234 1505 2266 ,
1552 2182 1721 2261 quod
1761 2182 2189 2266 Bambergius
2230 2182 2449 2249 nescio
2490 2200 2615 2261 quo
2719 2250 2726 2257 ,

301 2286 442 2354 iure
482 2287 552 2353 in
595 2293 965 2369 apertorum
1009 2288 1314 2356 vitiorum
1347 2306 1684 2355 numerum
1732 2288 1941 2355 refert
1987 2289 2096 2369 (cf.
2142 2308 2290 2374 pag.
2325 2296 2417 2376 7).
2480 2288 2615 2354 Ea·

305 2394 468 2477 dem,
511 2401 587 2461 ut
626 2397 918 2478 videtur,
966 2396 1335 2480 sententia,
1378 2413 1537 2463 usus
1577 2396 1951 2465 Dindorfius
1966 2448 1982 2481 ‚
2020 2398 2381 2479 Vesparum
2420 2414 2615 2464 versu

310 2507 509 2568 1123:
556 2500 691 2567 ἐπεὶ
712 2498 915 2587 μόνος
955 2498 1018 2588 μ’
1061 2500 1265 2568 ἔσωσε
1286 2506 1866 2589 παρατεταγμένον
1888 2505 2201 2585 adhibito,
2247 2503 2410 2569 illud
2431 2502 2617 2568 τουτί

306 2624 376 2673 σε
405 2602 613 2693 μόνον
656 2612 878 2674 nostro
916 2609 1057 2675 loco
1098 2607 1495 2675 reiciendum
1532 2627 1674 2675 esse
1717 2611 1922 2676 duxit.
2010 2611 2091 2675 Ι11
2133 2628 2350 2676 errore
2392 2614 2615 2676 tamen

302 2714 361 2779 is
396 2715 569 2781 haud
585 2714 782 2781 dubie
819 2718 1129 2783 versatur
1147 2765 1163 2797 ‚
1207 2715 1509 2795 quoniam
1547 2718 1735 2781 τουτί
1779 2733 1849 2782 σε
1891 2710 2119 2802 μόνον,
2165 2717 2424 2782 conlato
2470 2707 2612 2782 ve‘s-

304 2841 532 2902 parum
579 2822 799 2890 'versu
874 2828 1032 2889 588:
1124 2824 1307 2888 τουτὶ
1400 2821 1527 2907 γάρ
1581 2846 1685 2888 τοι
1759 2824 1830 2888 σὲ
1888 2816 2097 2908 μόνον
2166 2821 2437 2889 τούτων
2516 2810 2613 2887 ὧν

308 2928 566 3015 εἴρηκας
601 2929 935 3014 μακαρίζω
953 2978 970 3011 ,
1039 2930 1122 2994 ab
1165 2928 1644 3022 Aristophaneo
1703 2928 1960 2996 dicendi
2001 2947 2123 2996 usu
2159 2948 2289 2996 non
2332 2929 2614 2995 alienum

307 3052 451 3101 esse
497 3034 976 3100 concedendum
1019 3037 1142 3100 est.
1267 3033 1675 3116 Quamquam
1713 3034 1922 3118 igitur
1960 3036 2299 3116 utriusque
2339 3035 2611 3116 scriptu-

303 3157 420 3209 rae
456 3140 748 3208 condicio
793 3159 912 3223 per
970 3160 1038 3207 se
1082 3141 1340 3221 quidem
1382 3157 1506 3223 par
1549 3145 1652 3207 est
1692 3143 1994 3210 habenda
2010 3193 2026 3226 ‚
2092 3147 2312 3209 tamen
2354 3143 2612 3209 Raven-

304 3249 482 3316 natis
541 3251 903 3330 scripturae
978 3249 1316 3317 civitatem
1393 3249 1851 3331 abrogabimus
1867 3298 1884 3332 ‚
1959 3248 2015 3315 si
2079 3250 2333 3330 quidem
2389 3266 2613 3316 verum

307 3360 444 3437 est,
502 3355 682 3435 >quod
723 3374 807 3421 ex
851 3355 1136 3423 editione
1177 3354 1605 3421 Dindorfiana
1664 3355 2172 3423 concludendum
2213 3360 2317 3421 est
2334 3406 2349 3437 ‚
2414 3355 2614 3421 etiam

304 3461 756 3527 Ravennatem
796 3462 866 3528 in
922 3462 1150 3528 scholii
1216 3461 1522 3529 lemmate
1587 3462 1932 3544 praebere:
2016 3461 2201 3527 τουτί
2269 3479 2339 3527 σε
2405 3454 2614 3547 μόνον

305 3564 607 3651 ἔβλαψεν.
817 3575 824 3581 ’

270 3715 276 3724 ·
505 3673 741 3739 Mirum
780 3677 1092 3753 quantum
1133 3672 1369 3740 deinde
1429 3692 1492 3743 v.
1529 3679 1674 3740 201.
1720 3673 2005 3741 editores
2043 3676 2108 3738 R
2146 3673 2297 3739 libri
2335 3671 2613 3739 auctori-

305 3784 450 3848 tate
492 3779 719 3847 fallaci
761 3779 974 3861 decipi
1012 3797 1083 3845 se
1123 3778 1300 3861 passi
1342 3783 1515 3844 sunt.
1601 3780 1942 3864 Scriptura
1981 3781 2168 3863 enim,
2216 3797 2382 3860 quae
2424 3780 2494 3844 in
2539 3797 2615 3844 eo

304 3889 479 3954 inest
520 3913 623 3972 κα,
671 3889 932 3953 tantum
975 3887 1166 3953 abest
1210 3889 1285 3954 ut
1328 3885 1572 3952 codicis
1623 3889 1666 3965 β
1708 3886 1977 3953 lectioni
2012 3909 2124 3952 κεν
2159 3886 2615 3966 anteponenda

307 3992 414 4076 sit,
457 3998 533 4058 ut
570 4013 654 4060 ne
696 3992 966 4059 tolerari
1009 3993 1265 4074 quidem
1288 4010 1407 4074 per
1447 4010 1520 4058 se
1561 3993 1782 4075 possit.
1867 3994 2033 4061 Nam
2063 4010 2189 4073 qua
2214 3996 2290 4057 tu
2316 4010 2389 4057 re
2417 3996 2617 4073 putas

306 4104 688 4167 commotum
730 4100 934 4168 fuisse
973 4103 1236 4181 poetam
1257 4149 1274 4182 ,
1341 4104 1419 4167 ut
1456 4099 1526 4166 in
1567 4102 1970 4168 oraculorum
2006 4099 2383 4181 dIctionem',
2449 4116 2616 4179 quae

307 4204 606 4269 imitatur
639 4205 917 4274 ionicam
948 4206 1313 4274 dialectum
1332 4256 1351 4289 ,
1395 4223 1624 4274 vocem
1667 4207 1954 4275 doricam
1997 4230 2083 4272 κα
2117 4211 2368 4274 temere
2410 4205 2615 4271 intru-

305 4312 493 4377 deret
508 4307 541 4373 1>
623 4308 791 4375 Nam
844 4314 1012 4393 quod
1064 4314 1284 4394 paullo
1328 4317 1478 4395 post
1521 4332 1580 4383 v.
1608 4322 1754 4383 210.
1798 4338 1885 4381 κα
1928 4332 2046 4399 pro
2089 4338 2163 4381 κε
2205 4334 2247 4383 a
2288 4312 2616 4381 Meinekio
