3015 4740
1324 423 1411 434 .-
1499 384 1580 450 35
1670 424 1757 435 ....

372 577 434 626 V.
462 562 628 626 1458
645 554 743 625 ἀεὶ
762 560 970 626 ΘΛΜ.
998 550 1500 624 ἓκάστοτ’ἄντιυ’
1554 576 1618 626 v.
1667 563 1832 627 1488
1870 562 1940 626 et
1984 560 2431 644 1489116661).
2479 560 2638 630 ΔΜ.

1109 652 1229 729 οὖν
1273 666 1497 731 ΔΘΜ.
1554 681 1617 729 V.
1659 666 1823 729 1496
1869 672 2009 741 τοῖς
2059 666 2133 732 Θ.

363 784 424 831 V.
473 768 636 832 1462
682 763 858 849 οἴμοι
906 770 988 834 Θ.
1553 782 1619 832 V.
1669 769 1833 833 1499
1877 785 2000 833 om.
2045 765 2153 830 καὶ
2194 767 2269 830 Θ.

362 885 424 932 V.
475 870 638 933 1465
684 871 754 933 et
803 870 965 933 1466
1010 869 1258 949 transp.
1313 874 1406 935 M.
1557 885 1618 936 V.
1670 873 1836 937 1500
1878 863 2227 955 μαθόντες.

381 988 444 1036 V.
496 975 658 1036 1466
703 963 839 1054 μετ’
894 965 1053 1052 ἐμοῦ
1104 967 1329 1037 ἐλθὼν
1367 966 1502 1043 οίσε,
1556 989 1620 1038 V.
1673 975 1837 1039 1505
1882 974 1988 1037 καὶ
2029 990 2144 1054 pro
2191 993 2262 1056 γε
2306 970 2378 1035 Θ.

438 1072 602 1156 καμὲ
629 1063 977 1157 ἐξηπάτων
1006 1077 1146 1138 ΘΜ.
1168 1069 1304 1159 μετ’
1341 1072 1504 1160 ἐμοῦ
1556 1092 1618 1141 V.
1686 1080 1847 1140 1506
1919 1067 2321 1160 θ’ὑβρὶςετον
2385 1068 2478 1146 εἰς
2535 1063 2695 1149 τούς

442 1169 640 1259 γ’ἒλθ’
682 1171 814 1240 σι’σε
856 1168 1384 1262 καμὲέξηπάτων
1423 1182 1502 1239 Δ.
1561 1187 1566 1192 “
2310 1170 2562 1250 θεοὺς
2603 1172 2693 1239 M.

357 1295 417 1345 V.
461 1282 625 1343 1468
671 1277 1008 1363 αἰδέσθητι
1057 1286 1152 1344 M.
1557 1269 1964 1362 θῢβρίζετου
2004 1272 2152 1362 γἐἰς
2185 1269 2342 1352 τοὺς
2377 1268 2575 1351 θεοὺς
2615 1275 2690 1339 Δ.

357 1398 420 1446 V.
467 1385 628 1445 1471
679 1403 804 1445 ουκ
843 1377 1081 1444 ἐστὶν’
1053 1383 1190 1447 επεὶ
1243 1383 1331 1447 Μ.
1379 1376 1505 1447 ov'x
1555 1396 1616 1446 V.
1683 1386 1846 1447 1507
1923 1378 2357 1447 ἔσκοπεῒσθον
2431 1379 2507 1458 Θ,
2572 1370 2696 1461 τὴν

949 1478 1123 1546 ἐστὶν
1165 1508 1204 1568 γ
1203 1478 1373 1549 ’ἐπεὶ
1421 1490 1500 1550 Θ,
2231 1477 2430 1567 έδραν
2469 1481 2693 1555 ΔΘΜ.

403 1588 629 1650 ,1477
688 1584 794 1649 καὶ
837 1579 994 1660 τοὺς
1035 1582 1236 1664 θεοὺς
1275 1593 1502 1654 ΔΘΜ.
1557 1601 1620 1649 V.
1668 1588 1833 1648 1508
1875 1594 2026 1649 παῖε
2069 1577 2266 1662 βάλλε
2303 1587 2372 1649 Θ.

359 1704 422 1752 V.
473 1690 637 1751 1487
681 1681 932 1764 ἀναβὰς
975 1685 1065 1751 Μ.
1556 1702 1620 1752 V.
1666 1690 1834 1753 1510
1870 1678 2022 1771 ἣμϊν
2064 1704 2180 1767 pro
2222 1679 2390 1752 εἶναι
2426 1686 2651 1755 ΔΘΜ.

557 1850 696 1917 Hos
709 1851 913 1935 igitur
931 1851 1185 1917 codices
1204 1850 1577 1917 accuratius
1597 1849 2091 1932 inspicientibus
2118 1869 2201 1919 ex
2237 1851 2464 1917 eodem
2498 1848 2681 1915 fonte

357 1958 628 2023 haustos
685 1976 828 2025 esse
875 1959 1103 2025 statim
1159 1957 1586 2025 communium
1650 1956 2002 2024 lectionum
2075 1959 2202 2027 hac
2257 1954 2675 2023 multitudine

352 2065 617 2145 planum
663 2070 796 2129 est:
839 2084 902 2132 v.
949 2070 1029 2131 62
1078 2062 1156 2150 δὴ
1197 2061 1381 2130 ταῦτ’
1420 2096 1425 2106 -
1466 2084 1529 2131 v.
1576 2068 1657 2131 87
1695 2067 1907 2131 πιθοῦ
1954 2065 2019 2131 τί
2062 2053 2183 2130 οὖν
2222 2067 2232 2144 Ι
2271 2082 2333 2131 V.
2375 2065 2499 2128 148
2533 2065 2684 2139 πῶς

354 2171 517 2256 δῆτα
560 2171 929 2258 διεμέτρησε
969 2172 977 2260 Ι
1016 2192 1078 2240 V.
1131 2175 1252 2237 261
1300 2167 1583 2258 άτρεμὰς
1622 2193 1630 2257 Ι
1668 2191 1728 2239 V.
1788 2177 1910 2238 263
1968 2166 2332 2238 υπακούειν
2385 2170 2394 2257 Ι
2446 2189 2508 2238 V.
2558 2174 2683 2234 355

361 2295 478 2342 om.
523 2274 579 2362 y'
617 2282 629 2363 Ι
667 2298 730 2345 V.
775 2283 897 2345 399
937 2282 1084 2355 πῶς
1128 2273 1264 2363 δῆτ’
1304 2289 1310 2358 ἰ
1351 2298 1413 2346 V.
1442 2284 1561 2345 451
1600 2278 1857 2363 λέγουσι
1897 2282 1905 2358 Ι
1943 2297 2005 2346 V.
2050 2282 2173 2345 608
2202 2275 2526 2343 ἐπέστειλε
2564 2277 2575 2362 Ι
2612 2295 2676 2345 V.
2751 2354 2754 2359 .

357 2388 481 2449 647
525 2385 674 2450 add.
724 2380 801 2449 σὺ
843 2385 853 2471 Ι
891 2403 953 2451 V.
988 2391 1111 2450 663
1134 2381 1383 2450 ταυτὸν
1424 2388 1437 2472 Ι
1470 2404 1534 2452 V.
1559 2391 1684 2451 692
1719 2378 1903 2463 ὅστις
1939 2387 1950 2470 Ι
1987 2404 2052 2452 V.
2076 2391 2200 2451 707
2226 2379 2527 2450 ἰάτταται
2564 2388 2573 2458 Ι
2609 2401 2674 2451 V.

359 2497 483 2556 728
527 2484 837 2577 εὖρητέος
874 2494 884 2573 Ι
924 2509 984 2558 V.
1034 2496 1157 2557 737
1204 2487 1494 2577 ἐξευρών
1536 2496 1543 2574 Ι
1583 2511 1645 2558 V.
1696 2499 1816 2559 786
1865 2484 2213 2558 ἐδιδάσκου
2254 2505 2264 2577 Ι
2303 2509 2363 2559 V.
2385 2496 2510 2557 805
2547 2479 2680 2576 ἆρά

351 2622 422 2682 γε
473 2601 482 2684 Ι
536 2604 770 2665 v..9·25
813 2593 983 2684 ὤμοι
1021 2599 1271 2681 σοφίας,
1316 2586 1389 2683 ἧς
1435 2593 1761 2686 ἐμνήσθης
1816 2601 1998 2665 AJK:
2060 2594 2230 2684 ὤμοι
2282 2598 2514 2683 μανίας
2569 2597 2683 2683 τῆς

352 2707 482 2792 σῆς,
524 2698 783 2785 πόλεώς
826 2703 895 2771 θ’
933 2707 947 2795 Ι
981 2725 1043 2773 V.
1094 2710 1217 2773 982
1257 2700 1641 2791 ἄυᾶυηθον
1681 2709 1691 2790 Ι
1728 2726 1791 2774 V.
1841 2712 2002 2775 1001
2031 2701 2338 2792 λαμπρὰν
2376 2710 2387 2783 Ι
2424 2723 2488 2771 V.
2513 2708 2682 2771 1028

348 2808 405 2876 δ’
450 2807 550 2894 ἄρ’
589 2802 752 2899 ἦσαν
792 2813 802 2901 Ι
840 2832 902 2881 V.
949 2818 1113 2879 1105
1158 2805 1446 2899 πότερον
1486 2819 1494 2897 Ι
1535 2832 1597 2880 V.
1641 2818 1806 2880 1116
1837 2806 1991 2900 ὑμῖν
2031 2815 2044 2898 Ι
2078 2825 2141 2881 V.
2181 2817 2347 2878 1168
2372 2805 2570 2877 ἄπιθι
2597 2807 2678 2877 σὺ

354 2914 580 2998 λαβών
619 2925 633 2999 Ι
668 2940 730 3001 p.
780 2925 938 2987 1181
990 2916 1347 2986 α’πολοῦντ’
1386 2925 1396 3007 Ι
1434 2937 1496 2989 V.
1529 2923 1695 2987 1249
1717 2940 1834 2987 om.
1875 2915 1935 2987 τ’
1971 2926 1982 3005 Ι
2020 2937 2082 2990 V.
2104 2919 2269 2988 1272
2293 2918 2442 2986 add.
2468 2912 2523 3003 γ’
2561 2922 2578 3002 Ι
2610 2929 2675 2985 V‘.

355 3029 521 3092 1286
579 3019 833 3102 ἀποδὺς
883 3028 893 3110 Ι
942 3043 1006 3093 V.
1072 3032 1235 3093 1359
1301 3022 1430 3113 ἄρα
1484 3022 1856 3094 τύπτεσθαι
1900 3033 1911 3106 Ι
1961 3043 2025 3095 V.
2087 3027 2254 3095 1041
2313 3019 2483 3111 μόνῃ
2555 3020 2682 3090 τὸν

349 3136 535 3200 νοῦν.
577 3140 586 3210 Ι
669 3132 882 3216 Quam
926 3121 1148 3199 autem
1192 3133 1525 3200 dissimilis
1568 3137 1795 3201 horum
1838 3135 2148 3201 librorum
2187 3133 2515 3215 scriptura
2540 3127 2673 3199 Ra-

358 3240 633 3308 vennati
674 3238 1057 3320 Venetoque
1102 3239 1209 3323 sit,
1251 3244 1485 3322 suapte
1517 3245 1757 3308 natura
1789 3245 2086 3323 apparet.
2172 3239 2393 3309 Aliter
2413 3237 2683 3325 prorsus

356 3347 437 3415 de
481 3345 800 3431 Parisino,
847 3347 956 3428 qui
998 3364 1169 3413 nunc
1210 3346 1281 3412 in
1326 3347 1774 3429 quaestionem
1800 3346 2183 3432 asciscatur,
2224 3345 2678 3417 iudicabimus.-

353 3452 552 3520 Cuius
595 3452 724 3520 etsi
758 3453 959 3536 plena
1012 3456 1083 3520 et
1147 3457 1463 3524 accurata
1521 3454 1788 3522 collatis·
1837 3453 1997 3521 mihi
2049 3451 2119 3522 in
2160 3472 2357 3523 manu
2397 3472 2527 3523 non
2570 3459 2676 3523 est

346 3565 570 3629 tamen
629 3559 698 3627 id
759 3578 841 3627 ex
903 3560 1257 3629 editionum
1309 3562 1479 3630 raris
1524 3557 2058 3630 adnotationibus
2095 3565 2295 3646 certe,
2317 3575 2660 3646 pernosce-

337 3651 507 3753 'muS‚
549 3686 696 3735 eum
738 3686 883 3735 cum
928 3667 992 3732 R
1008 3667 1061 3731 V
1101 3669 1286 3735 nulla
1324 3668 1582 3736 ratione
1622 3671 1991 3754 cohaerere,
2051 3668 2204 3752 quia
2263 3671 2348 3737 ab
2398 3671 2670 3738 istorum

345 3775 654 3841 librorum
696 3772 947 3841 mendis
986 3774 1128 3857 ipse
1165 3775 1422 3844 omnino
1461 3776 1630 3842 liber
1673 3779 1796 3842 est.
1887 3775 2050 3843 Cum
2093 3780 2314 3844 autem
2353 3775 2422 3842 in
2464 3771 2666 3857 Equi-

345 3881 522 3948 tibus
574 3882 850 3948 eandem
885 3881 1170 3948 Parisini
1233 3901 1427 3964 quam
1489 3884 1721 3949 ΘΓΔΡ
1758 3882 2050 3950 codicum
2107 3883 2424 3967 originem
2464 3877 2667 3951 fuisse

344 3991 643 4068 apertum
680 3988 787 4070 sit,
832 3988 1004 4053 idem
1047 3988 1117 4053 in
1151 3987 1445 4055 Nubibus
1486 3990 1544 4056 si
1586 4008 1714 4059 non
1759 3993 2058 4074 constat„
2086 3994 2161 4057 at
2193 4007 2324 4058 non
2358 3989 2502 4057 veri
2527 3985 2655 4064 dis-

343 4092 553 4160 simile
599 4098 721 4160 est.
836 4094 1057 4173 Atque
1097 4095 1393 4176 profecto
1435 4097 1504 4163 id
1549 4096 1967 4164 confirmatur
2014 4095 2342 4163 nonnullis
2382 4094 2532 4164 istis
2571 4093 2663 4165 16-

341 4198 684 4282 ctionibuS,
731 4217 894 4279 quas
933 4218 1015 4265 ex
1058 4200 1355 4268 Parisino
1381 4203 1667 4270 editores
1708 4203 1952 4270 diserte
1996 4205 2387 4269 memorant:
2433 4222 2498 4272 v.
2535 4207 2663 4271 584

340 4304 677 4372 ἐκλέλοιπε
698 4306 905 4372 ΑΘΜ
928 4310 938 4392 Ι
974 4326 1037 4389 p.
1075 4313 1200 4376 672
1246 4307 1393 4376 add.
1436 4306 1557 4397 τὴν
1599 4310 1804 4377 ΑΘΜ
1830 4315 1840 4394 Ι
1878 4328 1941 4378 V.
1989 4314 2112 4377 813
2149 4305 2337 4399 ἑτέρᾳ
2380 4309 2586 4377 ΑΘΜ
2612 4311 2621 4392 Ι

337 4429 402 4485 V.
437 4417 566 4482 984
606 4408 972 4505 διπολιοόδη
1012 4424 1021 4498 Ι
1059 4432 1123 4485 v.
1208 4417 1450 4487 ΑΔΘΜ
1488 4421 1500 4507 Ι
1537 4434 1601 4488 ν,
1649 4420 1819 4492 1314
1857 4432 1978 4485 om.
2015 4407 2362 4484 τἈΔΘΜ.
2399 4417 2410 4497 Ι
2475 4410 2661 4479 Idem

2381 4534 2417 4586 3
2673 4537 2683 4548 .
