3015 4740
1245 306 1630 366 --4-

1390 472 1467 555 1.

475 655 874 739 Bipartitam
917 675 1126 723 meam
1181 656 1264 722 de
1304 656 1659 736 Equitibus
1704 657 2211 739 disputationem
2243 663 2391 728 volo
2438 681 2601 747 esse,

268 763 358 839 ,de
401 763 694 830 codicum
734 764 910 830 inter
953 782 1021 829 se
1067 762 1402 830 affinitate
1446 766 1517 828 et
1561 763 1642 829 de
1686 781 1904 830 eorum
1950 764 2281 849 dignitate
2341 788 2422 835 ac
2456 770 2600 835 fide.

478 869 572 936 Et
624 860 901 952 'primum
946 870 1203 950 quidem
1258 888 1521 952 operam
1564 869 1887 953 dabimus,
1929 876 2005 938 ut
2048 872 2223 938 inter
2234 875 2279 960 1)
2320 876 2385 938 R
2426 879 2494 941 et
2552 877 2613 938 V

275 994 593 1056 quaenam
635 976 806 1042 ratio
852 981 923 1043 et
960 975 1329 1060 conjunctio
1384 975 1821 1043 animadverti
1856 980 2084 1062 possit,
2128 980 2421 1064 investig
2434 988 2601 1050 etur.

276 1083 600 1155 Ponamus
642 1084 880 1168 igitur,
926 1084 995 1150 id
1042 1083 1213 1164 quod
1251 1102 1325 1150 re
1367 1102 1497 1149 non
1543 1082 1887 1163 disquisita
1928 1089 2281 1170 pernegari
2324 1089 2604 1156 nondum

275 1193 517 1273 potest,
581 1191 783 1258 libros
856 1191 1322 1272 quodammodo
1370 1190 1552 1256 inter
1596 1208 1666 1255 se
1709 1194 2024 1272 cognatos
2071 1211 2215 1260 esse
2234 1247 2249 1277 ,
2299 1196 2420 1262 hoc
2479 1197 2605 1263 nisi

281 1296 534 1364 duabus
599 1297 962 1364 rationibus
1012 1297 1225 1364 animo
1286 1296 1566 1380 cogitari
1622 1296 1881 1377 nequit3
1945 1297 2270 1380 Venetus,
2333 1306 2409 1367 ut
2449 1307 2603 1384 pote

278 1403 388 1483 qui
429 1405 688 1471 saeculo
741 1405 1011 1471 inferior
1049 1405 1441 1472 Ravennate
1499 1403 1620 1486 sit,
1681 1412 1798 1471 aut
1860 1423 1942 1470 ex
1997 1405 2118 1471 hoc
2175 1406 2314 1488 ipso
2364 1400 2603 1475 descriss

277 1514 432 1592 ptus
452 1516 575 1594 est,
622 1516 739 1579 aut
761 1531 843 1578 ex
880 1513 1019 1596 ejus
1061 1514 1448 1595 archetypo.
1534 1510 1710 1578 Inud
1754 1515 1974 1577 autem
2011 1516 2151 1579 tum
2172 1514 2358 1580 credi
2382 1515 2599 1597 debet,

280 1617 337 1683 si
381 1618 540 1684 talis
583 1618 824 1685 Veneti
852 1625 972 1685 -est
1007 1618 1302 1691 traditio,
1346 1622 1422 1687 ut
1464 1618 1878 1686 Ravennatis
1923 1624 2200 1702 peccata
2243 1621 2312 1686 in
2354 1639 2430 1687 eo
2469 1622 2603 1688 sint

284 1742 610 1807 expressa,
655 1744 864 1806 neque
909 1725 1261 1806 quidquam
1308 1744 1391 1791 ex
1435 1743 1511 1790 eo
1553 1724 1807 1791 fructus
1852 1727 2272 1809 percipiatur.
2451 1737 2457 1742 ’

487 1851 674 1934 Quod
718 1853 840 1919 hac
880 1852 1137 1931 quidem
1179 1852 1249 1918 in
1308 1852 1534 1918 fabula
1584 1870 1847 1933 prorsus
1907 1855 2266 1920 abnuamus
2325 1859 2602 1938 oportet,

288 1976 432 2023 cum
474 1958 798 2040 permulta
844 1958 961 2023 illa
1005 1962 1075 2023 et
1116 1957 1505 2041 gravissima
1564 1959 1629 2021 R
1693 1957 1933 2024 codicis
1988 1958 2156 2025 vitia
2212 1960 2302 2046 (v.
2354 1968 2452 2027 15.
2501 1969 2604 2029 32.

287 2070 576 2135 96130.
624 2070 768 2131 132.
819 2069 963 2130 140.
1026 2069 1173 2131 201.
1234 2070 1377 2131 202.
1436 2068 1581 2132 215.
1638 2068 1780 2131 231.
1845 2070 1988 2131 261.
2048 2072 2193 2133 270.
2255 2073 2399 2133 276.
2460 2073 2603 2134 344.

290 2176 435 2237 356.
483 2176 628 2237 374.
673 2175 821 2236 411.
867 2175 1016 2240 414.
1063 2174 1203 2237 417.
1254 2176 1401 2236 428.
1446 2174 1596 2235 433.
1639 2174 1787 2236 458.
1831 2174 1978 2238 459.
2039 2178 2184 2239 507.
2249 2180 2398 2240 532.
2457 2180 2603 2241 605.

289 2282 616 2346 630649.
665 2282 809 2345 677.
854 2282 999 2347 689.
1046 2279 1190 2345 798.
1226 2264 1379 2344 786.
1429 2281 1571 2344 756.
1617 2282 1763 2345 761.
1833 2284 1979 2347 772.
2045 2285 2189 2348 787.
2253 2286 2396 2348 792.
2458 2285 2602 2348 797.

290 2391 433 2454 801.
504 2391 648 2454 810.
708 2391 852 2455 890.
921 2392 1069 2453 831.
1133 2390 1277 2456 834.
1336 2391 1482 2453 859.
1541 2390 1685 2454 869.
1744 2392 1887 2454 878.
1946 2394 2133 2456 1009.
2189 2394 2368 2456 1021.
2423 2376 2628 2457 1023.'

294 2497 482 2559 1043.
512 2496 704 2560 1059.
741 2497 927 2559 1064.
960 2495 1148 2558 1092.
1200 2496 1383 2557 1154.
1415 2498 1603 2559 1174.
1643 2499 1827 2560 1158.
1871 2500 2059 2561 1353.
2109 2496 2324 2581 1373.)
2353 2496 2608 2563 0111111110

292 2619 335 2666 a
373 2598 613 2667 Veneti
656 2598 923 2665 librario
966 2597 1185 2665 vitata
1227 2597 1383 2681 sint,
1427 2598 1687 2678 saepius
1712 2599 1912 2665 etiam
1957 2599 2026 2664 in
2078 2599 2140 2660 V
2157 2599 2292 2665 8010
2332 2601 2437 2687 (ut
2463 2607 2601 2667 167.

295 2711 440 2772 646.
490 2711 633 2773 768.
683 2710 897 2792 1368),
945 2704 1229 2788 genuina
1272 2703 1733 2785 Aristophanis
1768 2723 1999 2771 manus
2044 2707 2460 2790 agnoscenda
2504 2708 2610 2778 sit.

293 2811 389 2877 Et
434 2831 508 2878 eo
555 2809 987 2879 confidentius
1031 2812 1233 2878 talem
1267 2810 1747 2878 conclusionem
1789 2810 2009 2877 iacere
2032 2811 2219 2879 nobis
2242 2812 2421 2896 licet,
2463 2813 2614 2894 quia

296 2918 808 2987 contaminatum
834 2918 1072 2983 librum
1115 2918 1177 2979 V
1201 2934 1344 2983 esse
1370 2915 1466 2982 nil
1493 2916 1877 2998 suspicionis
1918 2919 2160 2984 subest.
2252 2920 2382 2986 Sed
2416 2939 2500 2987 118
2532 2938 2614 2987 ex

296 3026 707 3094 Ravennatis
748 3026 1106 3106 archetypo
1131 3023 1388 3103 quidem
1414 3041 1561 3089 eum
1591 3022 1958 3091 derivatum
1990 3044 2133 3093 esse
2167 3027 2610 3094 concedemus

296 3133 443 3200 Non
485 3132 654 3199 enim
693 3131 1120 3214 probabiliter
1181 3131 1298 3197 illa
1341 3148 1509 3210 quae
1570 3130 1639 3196 in
1679 3129 1742 3196 R
1787 3137 2056 3201 exstant
2115 3139 2339 3203 errata
2402 3136 2616 3201 omnia

297 3239 411 3307 uni
454 3240 519 3303 R
561 3238 801 3316 codicis
844 3238 1109 3305 librario
1140 3236 1602 3305 adtribuemus.
1692 3240 1970 3307 Accedit
1999 3247 2219 3310 autem
2247 3243 2614 3326 maximum,

302 3348 469 3426 quod
522 3345 782 3428 saepius
836 3346 901 3409 R
953 3345 1150 3412 solius
1206 3346 1381 3412 tales
1434 3344 1780 3428 lectioneS,
1849 3347 2075 3426 quales
2137 3367 2220 3415 ex
2273 3348 2619 3417 scribentis

302 3452 680 3521 coniectura
709 3456 894 3520 ortae
927 3470 1069 3519 8888
1096 3456 1447 3535 nequeunt,
1482 3452 1620 3536 ,iam
1666 3452 2156 3533 antiquissimae
2186 3473 2329 3522 esse
2356 3455 2620 3523 aliunde

305 3560 789 3628 confirmantur.
874 3559 1330 3627 Necessarium
1375 3577 1531 3626 vero
1567 3555 1830 3626 videtur
1857 3578 2001 3627 8888
2038 3579 2457 3642 quaecunque
2492 3562 2619 3628 huc

304 3668 659 3751 pertinent,
705 3685 877 3734 nunc
922 3665 1197 3733 adferri:
1247 3683 1443 3732 versu
1487 3672 1591 3731 61.
1632 3666 1801 3745 quod
1842 3667 1912 3733 in
1958 3668 2022 3731 R
2058 3671 2318 3734 tantum
2354 3668 2618 3751 legitur,

307 3769 347 3840 o‘
383 3775 455 3840 δὲ
494 3773 728 3860 γέρων,
772 3771 1008 3840 Suidas
1045 3776 1363 3853 testatur3
1408 3770 1695 3837 eiusdem
1737 3773 2108 3839 testimonio
2151 3772 2403 3855 nititur,
2452 3771 2621 3853 quod

305 3899 370 3947 v.
418 3884 539 3948 182
584 3880 654 3946 111
690 3881 755 3944 R
795 3880 1104 3946 habetur:
1153 3871 1398 3964 ἰσχύειν
1442 3879 1860 3966 (quamquam
1903 3879 2084 3945 casui
2128 3879 2185 3945 si
2227 3880 2369 3960 quis
2395 3879 2462 3944 id
2503 3878 2621 3943 tri-

307 3988 486 4072 buet,
549 4004 678 4054 non
720 3986 1182 4067 intercedam);
1258 3985 1484 4053 eodem
1534 3985 1721 4052 modo
1777 4005 1841 4054 v.
1908 3988 2031 4052 186
2098 3986 2163 4049 R
2217 4002 2361 4052 cum
2422 3983 2622 4052 Suida

520 4216 562 4281 ¹)
600 4215 870 4271 Codicum
914 4215 1121 4283 signis,
1174 4218 1238 4267 ut
1283 4214 1408 4282 ipso
1456 4214 1515 4267 in
1557 4213 1746 4270 limine
1792 4212 2202 4268 dissertationis
2249 4211 2306 4267 id
2352 4227 2622 4280 moneam,

315 4304 607 4357 brevitatis
641 4317 807 4358 causa.
841 4304 1047 4360 eisdem
1085 4309 1230 4372 utar,
1269 4317 1412 4371 quas
1448 4303 1505 4356 in
1548 4303 1794 4358 Velssnii
1830 4302 2079 4357 editione
2113 4302 2297 4374 posita
2334 4306 2478 4356 sunt.
2520 4331 2588 4342 --
