3015 4740
1308 298 1736 361 ...24-

574 465 822 548 Quibus
869 465 1182 547 expositis
1227 481 1628 546 consequens
1665 469 1789 548 est,
1831 469 1908 532 ut
1941 461 2234 531 breviter
2276 462 2699 530 enucleemus

366 573 624 652 quando
668 573 934 639 tandem
988 591 1106 639 nos
1144 572 1574 655 probabiliter
1631 574 2087 639 Ravennatem
2141 569 2431 636 secuturi
2475 569 2696 639 simus.

366 679 461 745 Et
503 679 609 745 hic
653 680 910 760 quidem
954 680 1182 746 eadem
1224 679 1382 745 iusti
1401 680 1498 745 tia
1549 680 1619 745 in
1662 689 1710 745 R
1768 679 2039 761 utimur,
2105 695 2232 757 qua
2284 681 2486 745 antea
2517 677 2607 743 .in
2649 681 2697 757 β

368 786 469 851 usi
511 806 745 853 sumus.
835 788 929 852 Ut
974 787 1144 851 enim
1189 786 1367 853 inter
1410 782 1727 866 B'codicis
1753 788 2069 854 lectiones
2115 806 2228 853 eas
2265 785 2699 853 confidentius

369 894 583 960 textui
626 895 1106 975 Aristophaneo
1157 895 1634 962 vindicavimus
1650 947 1666 979 ,
1727 915 1894 977 quae
1955 895 2247 961 externis
2303 892 2700 960 testimoniis

369 1002 987 1067 commendabantur
1006 1053 1021 1084 ,
1106 1003 1199 1067 sic
1261 1002 1671 1069 Ravennatis
1729 1021 1979 1083 quoque
2048 1021 2161 1069 eas
2221 1001 2363 1068 veri
2414 1000 2698 1082 speciem

368 1128 527 1190 prae
577 1127 647 1174 se
691 1108 865 1174 ferre
912 1110 1274 1191 scripturas
1330 1111 1734 1194 putabimus,
1799 1129 1965 1192 quae
2019 1129 2147 1175 non
2202 1109 2386 1175 modo
2427 1109 2699 1190 probum

375 1215 671 1281 efficiunt
732 1235 989 1282 sensum
1014 1268 1029 1299 ,
1108 1218 1224 1283 sed
1284 1218 1483 1284 etiam
1542 1220 1691 1285 aliis
1759 1217 2161 1285 documentis
2219 1216 2703 1283 confirmantur.

378 1324 579 1388 Velut
620 1326 843 1389 versu'=
867 1330 943 1388 61
996 1324 1154 1388 licet
1199 1330 1353 1406 apte
1399 1332 1467 1391 et
1505 1329 1832 1393 commode
1886 1327 1956 1393 in
2011 1330 2053 1406 β
2097 1320 2219 1391 εὶθ’
2265 1318 2302 1390 ὃ
2346 1324 2560 1409 γέρων
2604 1325 2700 1389 16-

388 1434 605 1512 gatur,
652 1433 875 1495 tamen
915 1430 1326 1514 Ravennati,
1371 1432 1479 1512 qui
1520 1426 1556 1497 ὃ
1604 1435 1673 1500 δὲ
1715 1435 1931 1520 γέρων
1976 1431 2275 1513 exhibet,
2322 1430 2520 1496 facile
2561 1429 2703 1511 pal-

389 1557 556 1604 mam
657 1536 1135 1622 adtribuemUS,
1214 1558 1356 1605 cum
1426 1539 1663 1610 Suidas
1731 1528 1954 1607 testis‘
1989 1538 2411 1623 gravissimus
2469 1556 2612 1603 cum
2661 1556 2700 1602 e

378 1645 603 1711 faciat.
1222 1658 1233 1669 ⁴

582 1752 764 1818 Idem
810 1752 990 1818 cadit
1035 1752 1105 1817 in
1144 1771 1403 1819 versum
1445 1760 1569 1821 572
1615 1759 1684 1820 et
1733 1759 1876 1821 856.

582 1860 767 1924 Haec
812 1858 1042 1941 habui,
1092 1878 1177 1939 qu
1201 1879 1280 1925 ae
1330 1861 1411 1925 de
1453 1862 1638 1928 vario
1683 1862 1973 1927 codicum
2017 1870 2064 1924 R
2103 1862 2172 1924 et
2211 1862 2254 1938 β
2293 1876 2414 1925 usu
2455 1859 2704 1942 profer-

377 1986 531 2032 rem.
622 1966 1086 2048 Adiungantur
1128 1971 1351 2061 autem
1399 1973 1748 2050 praeterea
1807 1969 1958 2034 huic
2010 1965 2472 2048 disputationis
2522 1967 2702 2048 parti

377 2091 586 2154 pauca
629 2074 708 2139 de
750 2074 1025 2141 Veneto.

584 2180 784 2246 Posse
831 2179 1001 2246 enim
1043 2180 1108 2245 in
1150 2182 1271 2246 hoc
1316 2181 1601 2264 genuina
1644 2185 1879 2263 poetae
1910 2181 2112 2248 verba
2131 2184 2522 2246 conservata
2556 2198 2701 2246 esse

385 2287 726 2369 dispicitur
768 2307 848 2354 ex
888 2287 1001 2372 eiS,
1052 2308 1219 2370 quae
1263 2308 1459 2374 supra
1500 2289 1581 2355 de
1618 2288 1757 2355 eius
1800 2288 2051 2373 origine
2093 2287 2442 2370 disputavi.
2524 2287 2699 2352 Iniu-

382 2397 484 2462 ria
527 2402 747 2463 autem
788 2399 1006 2481 semel,
1089 2400 1255 2479 quod
1302 2400 1502 2465 sciam
1521 2449 1537 2482 ,
1603 2399 1887 2466 editores
1929 2397 2118 2464 huius
2159 2396 2311 2463 libri
2353 2395 2702 2462 lectionem

381 2502 538 2568 mihi
585 2504 893 2569 videntur
935 2505 1445 2586 praetervidisse
1487 2505 1599 2572 vel
1640 2506 2043 2590 neglexisse3
2088 2521 2284 2571 versu
2331 2507 2474 2569 936.
2529 2502 2701 2592 enim

382 2610 450 2675 in
509 2610 569 2671 V
608 2611 742 2676 solo
786 2610 1202 2702 participium
1248 2608 1493 2706 έλθιξιν,
1544 2612 1712 2691 quod
1754 2612 1823 2676 in
1867 2610 2106 2676 ceteris
2147 2609 2332 2675 libris
2374 2610 2702 2679 levissimo

383 2737 599 2784 errore
685 2718 754 2782 in
820 2715 1039 2784 ἐλθεῖν
1109 2719 1660 2800 commutabatur,
1763 2717 2125 2783 rectissime
2192 2716 2510 2783 traditum
2575 2722 2696 2784 est.

379 2826 547 2891 Nam
598 2843 869 2907 semper,
951 2825 1019 2889 ni
1060 2825 1293 2907 fallor,
1362 2830 1631 2907 praeter
1672 2845 1868 2897 unum
1909 2825 1977 2890 in
2019 2825 2313 2891 Nubibus
2378 2826 2590 2892 10611111
2629 2842 2692 2893 v.

385 2938 549 2998 1384
570 2983 585 3014 ,
633 2951 820 3013 quem
862 2931 993 2996 iam
1034 2931 1401 2997 Meinekius
1443 2934 1846 3017 emendavit,
1906 2927 2192 3016 φθάνειν
2239 2936 2509 3001 verbum
2551 2953 2695 3000 cum

378 3038 722 3123 participio
794 3042 1238 3103 constructum
1303 3044 1406 3105 est
1470 3060 1512 3105 a
1574 3041 1998 3123 scriptoribus
2061 3042 2325 3107 Atticis.
2449 3040 2695 3107 Contra

379 3146 756 3229 saepissime
818 3145 1177 3227 posteriore
1247 3152 1471 3214 aetate
1515 3148 1909 3216 infinitivum
1964 3169 2108 3216 cum
2150 3151 2348 3216 verbo
2390 3148 2503 3214 illo
2547 3167 2693 3214 con-

378 3257 670 3322 iunctum
713 3273 855 3320 esse
900 3254 1134 3320 scimus
1183 3257 1397 3342 (velut
1440 3256 1681 3323 Sextus
1723 3258 2090 3341 Empiricus
2132 3277 2261 3324 non
2307 3257 2524 3340 posuit
2569 3257 2697 3322 nisi

379 3363 812 3439 infinitivum).
903 3362 1036 3427 Sua
1078 3368 1307 3444 sponte
1351 3383 1506 3446 ergo
1552 3366 1638 3430 ad
1682 3384 1826 3430 eum
1866 3368 2340 3432 aberraverunt
2380 3365 2649 3435 librarii.

581 3469 791 3535 Unius
833 3470 1109 3549 denique
1131 3489 1361 3536 versus
1405 3477 1573 3538 1010
1602 3474 1842 3538 mentio
1876 3473 2216 3556 iniciatur,
2258 3492 2381 3553 quo
2418 3473 2692 3539 clariore

374 3578 445 3644 in
487 3577 632 3642 luce
673 3582 954 3657 ponatur
972 3627 987 3658 ,
1033 3581 1278 3656 quanta
1323 3597 1466 3643 cum
1516 3580 1861 3662 diligentia
1904 3601 1982 3647 ac
2039 3582 2167 3648 fide
2211 3579 2556 3664 archetypi
2596 3581 2689 3646 111-

377 3685 558 3751 doles
600 3682 669 3748 in
712 3681 967 3747 Veneto
1015 3682 1102 3748 sit
1148 3702 1470 3765 expressa.
1561 3686 1748 3752 Haec
1804 3693 2024 3755 autem
2078 3689 2306 3754 versus
2362 3686 2571 3752 forma
2611 3705 2691 3752 ex

375 3804 422 3858 R
469 3798 538 3859 et
576 3801 634 3857 Χ
670 3789 1156 3857 circumfertur:

451 3902 599 3985 περὶ
639 3900 778 3981 σοῦ,
820 3898 967 3983 περὶ
1013 3896 1171 3984 ἐμοῦ
1213 3895 1291 3965 τὸ
1333 3898 1492 3976 πέος
1529 3893 1753 3967 οὑτοσὶ
1797 3893 2007 3985 δάκοι,

373 4009 601 4071 contra
645 4024 727 4070 ex
778 4013 824 4070 V
867 4006 1005 4086 (Pyz

454 4112 599 4194 περὶ
639 4113 760 4175 σοῦ
795 4110 943 4196 περὶ
980 4106 1159 4194 ἐμοῦ,
1203 4113 1351 4196 περὶ
1382 4104 1705 4180 ἁπάντων
1732 4107 2139 4198 πραγμάτων
2168 4107 2247 4177 τὸ
2282 4113 2443 4189 πέος
2467 4103 2686 4179 οὑτοσὶ

456 4210 660 4282 δάκοι.
1936 4202 1945 4213 ’

579 4318 680 4385 Ac
717 4318 993 4401 primum
1031 4318 1288 4403 quidem
1343 4320 1411 4389 in
1446 4324 1790 4407 propatulo
1848 4327 1953 4391 est
2003 4320 2377 4391 felicissime
2433 4321 2683 4406 verbis,
