3015 4740
1314 234 1743 300 -46-

372 406 869 475 termitteretur.
953 405 1409 474 Necessarium
1459 424 1617 475 vero
1661 409 1765 471 est
1808 404 1918 472 vel
1962 405 2197 472 saltem
2242 410 2690 491 exspectatur,

375 534 518 582 eam
557 531 917 599 personam,
961 514 1047 582 ad
1085 532 1277 596 quam
1320 516 1554 581 chorus
1583 531 1654 580 se
1699 512 2048 595 convertit,
2085 518 2430 595 postquam
2461 520 2692 582 antea-

373 640 520 691 cum
564 623 714 690 aliis
739 622 996 689 locutus
1040 625 1163 704 est,
1210 622 1455 688 diserte
1498 621 1873 706 significari.
1959 622 2054 687 Et
2098 641 2353 704 semper
2392 622 2693 705 profecto

373 730 546 811 apud
579 729 1087 813 Aristophanem
1129 730 1393 812 choruS,
1453 747 1599 795 cum
1638 728 1708 793 in
1751 727 2057 811 parabasi
2097 746 2168 793 se
2226 729 2314 794 ad
2359 732 2690 810 spectato-

374 856 482 905 res
519 842 764 922 vertat,
822 838 1022 905 certis
1064 837 1282 905 verbis
1326 854 1436 904 eos
1476 837 1867 917 adloquitur.
1917 836 1994 902 cf.
2040 838 2189 903 nub⁴
2233 856 2296 904 v.
2346 843 2490 904 518.
2539 842 2688 904 575.

372 944 539 1025 Equ.
586 964 631 1012 v
695 952 838 1011 507.
902 943 1066 1010 Ach.
1111 961 1173 1010 v.
1221 951 1366 1010 629.
1423 963 1604 1026 vesp.
1647 964 1711 1012 v.
1751 951 1935 1011 1015.
1996 963 2128 1027 pax
2176 964 2239 1013 v.
2280 951 2420 1012 732.
2471 963 2575 1011 av.
2621 963 2685 1011 v.

376 1055 519 1118 754.
562 1070 703 1116 ran.
736 1069 800 1117 v.
846 1054 989 1118 686.
1049 1051 1307 1119 Thesm.
1350 1070 1413 1118 v.
1459 1055 1606 1118 947.
1650 1052 1807 1134 Lys,
1848 1071 1911 1119 v.
1957 1057 2101 1118 614.
2208 1052 2426 1133 Atque
2485 1051 2688 1119 etiam

371 1156 604 1239 locum,
649 1158 730 1223 de
759 1176 883 1238 quo
924 1158 1164 1243 agitur,
1207 1158 1549 1241 parabasis
1589 1159 1869 1240 speciem
1911 1161 2155 1226 habere
2198 1158 2556 1229 scholiasta
2598 1160 2689 1226 ad

370 1281 431 1332 v,
480 1270 645 1330 1113
688 1269 1013 1332 testatur:
1058 1259 1407 1332 κάνταῦθα
1438 1260 1803 1352 παράβασίς
1846 1265 2055 1333 ἐστιν·
2102 1265 2226 1351 ἔχει
2254 1262 2429 1332 δὲού
2467 1262 2691 1332 πάντα

371 1367 454 1436 τὰ
495 1372 657 1457 μέρη
698 1375 812 1459 τῆς
847 1367 1282 1459 παραβάσεως
1318 1398 1465 1445 κτα.
1555 1375 1791 1454 Itaque
1832 1374 1990 1440 mihi
2016 1374 2272 1455 quidem
2296 1393 2526 1455 parum
2551 1392 2689 1440 cre-

371 1477 571 1544 dibile
612 1479 876 1545 videtur
929 1485 1223 1564 poetam,
1280 1480 1385 1546 cui
1448 1480 1626 1546 inter
1691 1485 2034 1562 utramque
2087 1499 2313 1548 vocem
2372 1473 2575 1567 (ἡμετς
2609 1483 2681 1546 et

370 1577 553 1674 ὑμῖν)
593 1586 801 1654 libera
842 1589 1017 1671 optio
1062 1589 1223 1655 data
1264 1592 1428 1672 erat,
1468 1607 1612 1655 eam
1657 1587 1781 1655 sibi
1816 1588 2113 1672 elegisse,
2162 1606 2326 1669 quae
2370 1586 2684 1671 languida

368 1694 491 1759 hoc
532 1694 673 1760 loco
717 1699 821 1761 est
860 1699 930 1761 et
971 1695 1244 1762 inutilis,

574 1802 862 1870 Restant
901 1822 1077 1887 vero,
1124 1803 1293 1883 quod
1331 1801 1676 1868 dolendum
1717 1804 1838 1883 est,
1885 1799 2051 1866 satis
2088 1800 2298 1866 multa
2340 1802 2690 1882 praeterea

370 1908 665 1990 exempla
730 1910 815 1975 cf.
856 1917 1000 1976 263.
1046 1917 1189 1978 355.
1230 1914 1379 1975 436.
1438 1913 1585 1975 437.
1632 1913 1777 1972 451.
1835 1913 1981 1973 901.
2042 1912 2224 1972 1208.
2297 1913 2495 1990 1299,
2567 1907 2684 1973 ubi

369 2032 516 2081 cum
554 2036 765 2097 neque
805 2022 848 2097 β
885 2018 1124 2085 codicis
1160 2036 1370 2098 neque
1411 2041 1451 2102 γ
1493 2014 1691 2081 lectio
1739 2015 1942 2080 ullum
1994 2016 2362 2096 scrupulum
2431 2014 2684 2098 iniciat,

369 2142 623 2206 semper
661 2125 982 2192 dubitatio
1018 2126 1317 2192 restabit.

575 2231 705 2298 Sed
747 2233 877 2299 iam
921 2234 1006 2299 ad
1046 2234 1239 2299 finem
1294 2230 1754 2312 disputationis
1806 2225 2251 2310 pervenimus3
2313 2231 2687 2294 assecutum

370 2355 511 2405 esse
555 2358 656 2407 me
698 2341 942 2423 aliquid
987 2342 1390 2424 existimabo,
1439 2339 1493 2406 si
1537 2339 1964 2421 pervulgatae
2005 2336 2170 2404 istas
2215 2336 2295 2403 de
2338 2341 2681 2420 praestan-

370 2445 468 2512 tia
491 2466 633 2513 cum
654 2450 1065 2516 Ambrosiani
1087 2455 1226 2515 tum
1247 2448 1655 2516 Ravennatis
1680 2445 2011 2528 opiniones
2036 2445 2353 2512 radicitus
2371 2446 2675 2514 eveller0.
