3015 4740
1329 211 1758 273 ...43-

379 381 461 450 do
504 382 764 467 singula
805 381 1009 451 verba
1051 379 1166 468 (cf.
1208 396 1272 448 v.
1322 385 1467 463 300,
1516 386 1662 467 377,
1704 383 1854 464 420,
1885 386 2030 464 780,
2076 383 2437 469 860,‚1203,
2483 381 2700 463 1401),

381 493 498 560 sed
544 492 743 560 etiam
789 490 929 579 toti·
950 507 1180 557 versus
1222 487 1611 573 exciderint,
1657 493 1918 557 tautam
1958 492 2270 573 quantam
2288 488 2701 555 Hermannus

374 599 540 684 vult,
606 600 800 667 fidem
856 585 1087 665 haberi
1138 614 1268 665 non
1325 615 1604 678 aequum
1654 601 1759 664 est
1825 597 2128 664 Alterum
2192 615 2348 666 vero
2422 596 2699 665 accedit.

376 708 505 774 Est
551 708 723 774 enim
759 704 1128 773 mehercule
1173 704 1321 770 luce
1370 704 1613 771 clarius
1662 704 1835 773 unde
1888 705 2078 771 huius
2115 704 2701 789 praetermissionis

376 834 576 883 causa
618 813 984 896 repetenda
1039 811 1158 880 sit:
1206 811 1544 879 aberravit
1583 811 1808 879 oculus
1861 832 1903 879 a
1949 814 2268 881 vocabulo
2312 810 2469 891 τοὺς
2509 831 2696 894 prae-

378 922 674 990 cedentis
735 939 964 990 versus
1014 919 1101 986 ad
1145 917 1311 985 illud
1386 915 1547 997 τούς
1564 970 1581 1002 ,
1649 920 1819 1000 quod
1871 924 1975 986 est
2013 919 2083 987 in
2127 920 2427 1001 sequenti
2482 938 2695 987 versu.

373 1029 521 1096 Non
563 1029 751 1112 parvi
790 1027 1024 1095 deinde
1061 1026 1370 1093 momenti
1410 1029 1515 1092 est
1557 1026 1800 1093 Veneti
1844 1027 2132 1094 scholion
2158 1053 2178 1091 .·
2233 1022 2317 1093 ἵν’
2376 1021 2484 1108 ἂν]
2548 1022 2697 1093 α’ντὶ

374 1139 496 1204 τοῦ
543 1130 715 1203 ὅπου
759 1129 843 1203 ἂν
879 1153 947 1202 σε
985 1132 1273 1201 κελεύσω
1319 1126 1468 1219 ἐγώ.
1569 1134 1816 1201 Contra
1861 1135 1919 1201 Si
1963 1134 2107 1217 quis
2149 1135 2406 1201 metrici
2467 1133 2697 1201 Scholi-

375 1248 564 1312 astae
607 1245 693 1311 ad
731 1263 992 1314 versum
1045 1247 1202 1309 1216
1250 1241 1767 1324 adnotationem,
1813 1261 1855 1309 a
1897 1243 2287 1310 Ravennate
2331 1246 2401 1308 et
2442 1242 2699 1308 Veneto

371 1353 689 1428 omissam,
732 1349 793 1418 οἱ
835 1353 906 1418 δὲ
949 1351 1155 1435 στίχοι
1192 1349 1477 1434 ἰαμβικοὶ
1518 1350 1849 1435 τρίμετροι
1892 1343 2341 1437 ἄκατοὶληκτοι
2384 1350 2480 1435 με’,
2526 1349 2700 1416 unde

374 1460 737 1528 Hermanni
781 1460 852 1527 in
894 1459 1109 1542 priore
1155 1454 1441 1523 editione
1482 1457 1792 1524 iudicium
1828 1459 2179 1541 pendebat,
2220 1458 2462 1524 nullius
2499 1456 2701 1539 pretii

377 1585 521 1633 esse
564 1565 876 1647 censebit,
920 1562 1215 1652 equidem
1257 1582 1387 1629 non
1412 1563 1737 1631 resistam.
1827 1565 2103 1645 Constat
2124 1564 2332 1649 igitur
2358 1582 2698 1648 argumen-

379 1674 469 1740 tis
503 1674 679 1740 haud
723 1672 1043 1757 ambiguis
1070 1671 1290 1739 iamin
1308 1672 1590 1739 omnium
1612 1677 1981 1740 nostrorum
2014 1673 2300 1740 codicum
2339 1674 2699 1756 archetypo

376 1783 581 1850 verba
617 1781 752 1848 ista
791 1781 861 1846 in
904 1791 950 1846 R
997 1780 1240 1863 elapsa,
1288 1779 1535 1864 scripta
1577 1779 1781 1846 fuisse
1821 1784 2140 1863 oportere.

585 1887 730 1971 Qua
774 1892 1041 1971 propter
1081 1887 1275 1954 cardo
1319 1887 1525 1954 totius
1566 1887 1967 1968 quaestionis
2005 1907 2134 1954 non
2175 1887 2304 1954 iam
2346 1886 2416 1953 in
2455 1886 2534 1952 'eo
2554 1905 2698 1954 ver-

372 1996 559 2079 titur,
604 2000 681 2062 ut
707 2014 790 2062 ex
829 1996 1080 2062 duabus
1121 1995 1462 2078 scripturis
1506 2015 1586 2062 ea
1610 2013 1776 2076 quae
1798 1994 2063 2063 videtur
2102 1996 2336 2079 aptior,
2386 1994 2696 2080 eligatur,

377 2103 493 2168 sed
522 2107 600 2169 ut
643 2103 1067 2186 examinetur,
1131 2103 1347 2170 sintne
1408 2123 1481 2169 re
1540 2122 1700 2171 vera
1741 2122 1938 2171 voces
1968 2104 2126 2170 illae
2166 2099 2249 2170 ἵν’
2284 2099 2368 2169 ἂν
2404 2097 2692 2168 κελεύσω

371 2204 558 2294 'raiae
602 2210 1066 2278 intolerabiles
1159 2210 1364 2277 Ouem
1403 2213 1488 2277 ad
1531 2211 1723 2276 finem
1763 2210 2237 2277 sententiarum
2282 2228 2565 2277 conexus
2597 2210 2714 2276 111-ν

378 2318 746 2400 spiciendus
782 2323 902 2386 est.
1032 2318 1298 2401 Pasias,
1378 2319 1482 2385 cui
1537 2318 1950 2402 Strepsiades
2014 2318 2353 2401 pecuniam
2405 2318 2691 2399 aliquam

375 2426 633 2509 debuit,
720 2426 923 2495 variis
998 2427 1361 2492 rationibus
1422 2426 1632 2510 illum,
1724 2432 1799 2494 ut
1853 2429 2161 2495 redderet
2182 2479 2199 2510 ,
2290 2446 2691 2495 commovere

374 2534 645 2602 studuit.
733 2535 895 2601 Cum
928 2539 1149 2601 autem
1187 2535 1245 2601 is
1281 2554 1364 2602 ne
1405 2535 1548 2602 iure
1585 2536 1858 2602 iurando
1889 2536 2147 2617 quidem
2189 2555 2259 2603 se
2302 2535 2691 2603 obstrictum

373 2641 505 2707 iam
549 2658 692 2708 esse
735 2641 935 2725 dicat,
972 2641 1205 2708 Pasias
1250 2642 1450 2708 certis
1485 2642 1707 2709 verbis
1747 2661 1830 2709 ex
1872 2660 1948 2708 eo
1991 2641 2279 2722 quaerit:

807 2751 933 2815 νῦν
979 2750 1051 2815 δὲ
1094 2745 1203 2815 διὰ
1246 2744 1425 2816 τοῦτ’
1467 2749 1742 2837 ἔξαρνος
1778 2745 1945 2816 εἶναι
1982 2750 2268 2830 διανοεϊς

585 2852 714 2919 Sed
756 2855 842 2921 ad
877 2856 1041 2921 haec
1084 2874 1335 2938 quoque
1369 2855 1427 2922 is
1463 2857 1764 2941 ambigue
1807 2856 2189 2940 respondet3
2232 2855 2347 2922 illo
2390 2872 2547 2921 vero
2588 2853 2698 2935 qui

375 2978 552 3026 nunc
587 2960 718 3026 iam
740 2960 1183 3043 Strepsiadem
1222 2964 1308 3031 ad
1324 2964 1425 3031 ius
1461 2969 1813 3033 vocaturus
1852 2970 1974 3049 est,
2008 2967 2083 3031 ut
2105 2962 2486 3047 ambagibus
2510 2962 2695 3029 omis-

309 3081 315 3086 ·
373 3066 464 3132 sis
500 3065 744 3134 diserte
791 3067 1038 3135 infitias
1076 3074 1188 3136 eat
1229 3070 1565 3152 impellere
1608 3073 1796 3155 hunc¹
1824 3074 1970 3140 vult
2013 3074 2261 3139 Rursus
2296 3071 2503 3154 igitur
2546 3087 2692 3136 eum

373 3174 778 3256 adloquitur:

372 3284 480 3348 καὶ
536 3285 720 3349 ταῦτ’
778 3277 1107 3370 ἐθελήσεις
1162 3277 1493 3371 α’πομόσαι
1558 3310 1670 3372 μοι
1717 3283 1875 3364 τοὺς
1932 3280 2150 3370 θεούς,
2197 3282 2280 3353 ἵν’
2319 3280 2401 3353 ἄν
2446 3277 2694 3352 κελεύω

1414 3386 1632 3478 ’γιόσες

572 3494 749 3586 Apte
790 3496 1134 3581 enimvero,
1178 3497 1234 3563 si
1270 3499 1440 3578 quod
1483 3500 1693 3566 sentio
1717 3549 1733 3582 ,
1790 3505 1867 3566 ut
1919 3499 2137 3568 verbis
2178 3499 2464 3587 ἕπαρνος
2526 3495 2692 3567 εἶναι

369 3601 624 3669 διανοεῖ
658 3604 1056 3686 respondent
1116 3598 1441 3691 ἐθελήσεις
1481 3630 1594 3692 μοι
1635 3603 1793 3685 τοὺς
1833 3601 2052 3690 θεόυς,
2091 3609 2189 3676 ita
2210 3614 2335 3676 νῦν
2361 3611 2450 3693 δὲ,
2474 3627 2693 3690 quam-

373 3728 564 3789 quam
631 3711 843 3796 magis
895 3699 1305 3795 'generanter-
1343 3714 1765 3781 continuatur
1810 3715 2078 3782 vocibus
2142 3714 2206 3783 ἵν
2272 3711 2354 3782 ἂν
2404 3709 2691 3781 κελεύσω

370 3810 557 3901 ’γοόσε
602 3820 994 3906 (ubicunque
1011 3823 1082 3885 te
1106 3821 1359 3904 iubebo,
1398 3822 1693 3905 inprimis
1735 3821 1990 3890 scilicet
2029 3823 2098 3890 in
2137 3823 2421 3908 iudicio).
2509 3820 2689 3887 Nihil

366 3922 570 4005 igitur
626 3933 727 3995 est
788 3928 844 3994 si
885 3932 959 3993 tu
1013 3946 1141 3994 non
1195 3930 1480 3996 aurificis
1525 3934 1781 3996 statera
1796 3979 1813 4013 ,
1868 3931 1984 3998 sed
2049 3931 2328 4013 quadam
2387 3929 2686 4011 populari

370 4032 624 4100 trutina
667 4036 830 4102 haec
883 4036 1089 4103 verba
1149 4037 1503 4121 examinaS,
1552 4056 1667 4103 cur
1709 4036 2119 4120 displiceant.
2220 4033 2466 4104 Contra
2513 4037 2686 4103 ratio

365 4137 486 4205 illa
530 4138 1018 4209 Hermanniana
1058 4144 1138 4209 ob
1180 4144 1343 4211 duas
1391 4163 1627 4212 causas
1667 4144 1824 4212 mihi
1866 4163 1996 4212 non
2019 4144 2346 4225 probatur.
2433 4144 2529 4211 Et
2560 4144 2688 4228 pri-

363 4266 554 4331 mum,
603 4267 877 4330 quonam
922 4270 1182 4336 quaeso,
1230 4253 1498 4320 consilio
1543 4254 1746 4321 verba
1803 4252 1937 4317 ista
1983 4251 2437 4335 conglutinata
2484 4252 2685 4320 sunt?
