3015 4740
1310 278 1739 351 -23-2-

359 446 575 530 phane
622 444 766 528 ipso
834 442 996 519 talis
1058 440 1516 517 subiunctivus
1584 439 1885 523 ponitur:
1957 456 2097 504 ran.
2170 440 2325 504 1419
2344 485 2360 519 ‚
2426 452 2530 503 av.
2576 439 2678 500 73.

364 552 624 619 Thesm.
674 555 820 633 974,
865 568 1008 629 equ.
1060 553 1246 632 1182,
1291 565 1469 630 vesp.
1516 553 1615 614 70.
1660 551 1804 615 312.
1848 549 1993 611 815.
2043 547 2187 610 893.
2228 562 2375 624 pax.
2422 547 2566 609 225.

483 732 501 744 ,
564 658 778 727 Simili
818 658 900 724 de
943 673 1138 723 versu
1183 661 1349 723 1087
1395 659 1655 725 utemur
1696 653 1964 737 iudici0,
2035 650 2146 719 ubi
2215 642 2571 730 βασιλεύεις
2613 649 2683 715 in

361 776 426 849 Β,
464 762 872 858 βασιλεύσεις
913 763 978 828 in
1024 766 1067 842 β
1109 763 1425 829 traditum
1470 766 1592 829 est.
1696 761 2020 829 Pmesens
2076 758 2246 824 enim
2294 774 2683 837 quamquam

362 873 706 953 ‚ferendum
751 889 881 939 non
924 888 1067 943 esse
1111 871 1342 954 negari
1387 870 1615 954 debet,
1697 874 1922 937 tamen
1965 867 2125 935 mihi
2163 864 2420 946 quidem
2461 865 2681 931 nescio

360 999 484 1062 quo
526 984 722 1062 pacto
765 979 976 1046 minus
1017 978 1256 1061 placet,
1298 996 1427 1044 non
1467 982 1611 1043 tam
1655 977 1806 1059 quia
1847 977 2136 1043 futurum
2168 972 2461 1056 sequitur
2505 965 2681 1037 δικά-

358 1105 489 1165 σεις
551 1088 794 1173 (atque
861 1084 1059 1151 etiam
1122 1085 1321 1170 γίγνει
1385 1085 1675 1167 proxime
1738 1084 1826 1151 ad
1873 1083 2163 1151 futurum
2208 1078 2318 1164 ἔσῃ
2362 1078 2680 1164 accedit),

374 1211 567 1275 quam
620 1196 890 1275 propter
951 1192 1345 1261 scholiastae
1391 1192 1647 1272 ant-iqui
1716 1191 1802 1257 ad
1846 1193 2140 1257 nostrum
2182 1203 2442 1253 versum
2482 1186 2679 1252 adno-

350 1300 705 1375 tationem:
752 1293 967 1385 ἄρξεις
1010 1288 1134 1364 οὖν
1177 1300 1372 1384 φησὶν
1405 1293 1529 1382 οὐχ
1555 1291 1893 1384 Ἑλλήνων
1923 1294 2133 1383 μόνον
2167 1295 2276 1360 καὶ
2301 1286 2676 1379 βαρβάρων.

356 1407 487 1474 Sed
532 1407 699 1474 certi
739 1406 891 1472 hinc
934 1406 1282 1486 quidquam
1325 1406 1504 1471 nolui
1549 1405 1876 1489 colligere.

561 1514 732 1580 Item
776 1531 970 1582 versu
1025 1519 1190 1578 1028
1237 1512 1500 1579 decerni
1561 1532 1680 1595 per
1741 1531 1813 1579 se
1887 1514 2071 1579 certa
2130 1508 2387 1575 ratione
2430 1506 2676 1590 nequit,

361 1624 502 1706 λέγε
546 1644 671 1687 νυν
727 1620 1075 1702 legendum
1118 1619 1207 1685 sit
1252 1637 1396 1684 cum
1436 1630 1482 1685 R
1504 1670 1519 1701 ,
1576 1638 1663 1685 an
1704 1620 1846 1702 λέγε
1892 1614 1970 1701 δὴ
2014 1634 2157 1681 cum
2198 1618 2257 1693 β,
2305 1613 2456 1694 quia
2498 1618 2677 1681 utra-

357 1747 481 1809 que
527 1726 806 1793 elocutio
860 1745 1003 1793 cum
1047 1725 1390 1807 aptissima
1429 1731 1570 1793 tum
1614 1724 2046 1792 usitatissima
2104 1726 2224 1788 est.
2285 1722 2472 1807 (λέγε
2516 1745 2672 1786 νυνι

353 1835 503 1904 nub.
554 1832 693 1900 141.
740 1838 881 1911 345.
931 1839 1074 1900 426.
1129 1851 1308 1915 vesp.
1338 1839 1439 1900 30.
1509 1835 1787 1900 Thesmo
1839 1840 1976 1901 110.
2043 1835 2111 1896 et
2171 1830 2313 1915 λέγε
2356 1824 2466 1916 δὴ;
2522 1829 2673 1897 nub.

358 1948 502 2011 690.
554 1960 695 2025 equ.
743 1946 844 2007 21.
892 1942 1034 2007 ach.
1090 1948 1230 2008 103.
1276 1959 1380 2009 av.
1430 1947 1573 2007 588.
1622 1939 1778 2023 Lys.
1828 1940 2005 2024 503.)

559 2048 640 2114 In
690 2049 949 2115 easdem
989 2048 1213 2114 iudicii
1256 2048 1601 2132 angustias
1651 2046 2011 2115 delabimur
2039 2061 2237 2113 versu
2279 2049 2483 2124 1110;
2532 2061 2676 2111 cum

352 2175 482 2225 non
526 2157 732 2223 solum
773 2151 1058 2241 τρέχοιμ’
1099 2150 1182 2220 ἄν
1207 2155 1380 2239 εἴσω,
1413 2156 1975 2242 quodRpraebet‚
2021 2152 2137 2219 sed
2167 2151 2369 2219 etiam
2391 2147 2679 2237 τρέχοιμ’

352 2258 437 2333 ἄν
479 2257 598 2349 ἤδη
642 2261 805 2343 quod
855 2265 897 2340 β
940 2261 1176 2345 obfert‚
1233 2267 1441 2329 metro
1491 2262 1990 2341 sententiaeque
2048 2259 2212 2327 satis
2265 2257 2491 2324 faciat.
2580 2258 2674 2323 Et

352 2389 436 2438 ne
489 2370 631 2450 quis
675 2367 828 2435 εἴσω
873 2369 958 2435 ad
998 2365 1286 2455 τρέχοιμ’
1327 2363 1410 2435 ἂν
1464 2369 1834 2438 necessario
1871 2368 2239 2436 addendum
2283 2385 2426 2434 esse
2459 2369 2671 2452 putet,

350 2476 725 2545 conferatur
769 2495 850 2542 ex
892 2480 1119 2543 nostra
1162 2476 1388 2544 fabula
1430 2496 1660 2545 versus
1703 2482 1847 2545 970.
2409 2541 2418 2550 .

522 2584 630 2648 καὶ
668 2579 795 2669 μὴν
827 2577 1027 2669 ἔνεγκ’
1074 2577 1320 2662 αὐτοὺς
1359 2581 1482 2656 ἰών
1501 2636 1518 2669 ,
1577 2579 1661 2651 ἵν’
1697 2577 1919 2651 οὑτοσὶ
1961 2576 2187 2648 αὐτῶν
2230 2573 2499 2664 ἀκούσῃ.

354 2691 455 2757 Ne
493 2691 599 2758 hic
642 2689 900 2771 quidem
938 2690 1092 2757 εἴσω
1141 2687 1266 2757 ἰών
1311 2692 1480 2758 dixit
1521 2683 1757 2775 poeta3
1808 2708 2204 2772 quamquam
2238 2707 2468 2757 versus
2513 2695 2667 2755 997:

847 2798 995 2862 ι’όοῦ
1042 2799 1299 2882 θέασαι,
1347 2796 1526 2885 κούχἸ
1561 2794 1862 2877 ἅπαντας
1894 2797 2173 2884 ἐκφέρω.

351 2905 557 2974 talem
604 2923 862 2970 sensum
904 2905 1168 2972 videtur
1207 2909 1561 2988 postulare.

567 3011 848 3077 Frustra
890 3010 1108 3077 fateor
1154 3032 1256 3078 me
1301 3016 1721 3099 quaesivisse,
1765 3015 2069 3096 quidnam
2112 3010 2503 3080 discriminis
2526 3028 2671 3077 ver-

351 3139 427 3185 su
477 3124 641 3186 1239
681 3118 858 3183 inter
906 3118 1319 3185 Ravennatis
1390 3121 1743 3208 (ἐναντία)
1820 3127 1891 3187 et
1936 3126 1978 3201 β
2024 3119 2264 3187 codicis
2308 3119 2670 3206 (ἐναντίον)

351 3227 741 3308 scripturam
783 3225 1247 3292 intercederet.
1335 3229 1465 3293 Per
1527 3246 1597 3295 se
1642 3218 1864 3294 autem
1909 3228 2173 3307 βλέπειν
2217 3225 2516 3291 ἐναντίον
2562 3244 2669 3290 ac-

352 3330 826 3401 commodatum
856 3350 997 3398 esse
1018 3333 1214 3403 valde
1238 3335 1323 3400 ad
1350 3340 1645 3403 nostrum
1664 3354 1942 3417 versum,
1990 3333 2303 3401 nonnulla
2325 3338 2583 3400 tantum
2614 3333 2671 3399 si

354 3442 652 3523 exempla
666 3439 1041 3522 contuleriS,
1067 3441 1353 3509 libenter
1365 3443 1525 3509 mihi
1539 3443 1855 3510 concedes
1873 3466 1886 3507 ε
1919 3440 2143 3512 confer
2156 3442 2313 3509 Eur.
2331 3441 2492 3509 Hec.
2511 3448 2635 3509 968
2650 3468 2663 3508 :

848 3540 1232 3633 αἰσχύνομαί
1270 3568 1339 3617 σε
1381 3553 1823 3636 προσβλέπειν
1863 3551 2185 3635 ἐναντίον,

564 3653 726 3719 Hec.
774 3658 933 3720 975:

641 3752 845 3844 νόμος
887 3772 1199 3844 γυναῖκας
1237 3757 1507 3850 ἀνδρῶν
1552 3762 1636 3852 μὴ
1678 3766 1944 3844 βλέπειν
1980 3765 2316 3851 ἐναντίον,

555 3867 821 3933 Heracl.
867 3871 1021 3932 943:

717 3975 824 4040 καὶ
869 3976 1067 4059 τλῆθι
1101 3971 1260 4053 τοὺς
1298 3973 1454 4056 σούς
1490 3981 1932 4067 προσβλέπειν
1978 3980 2297 4051 ἐναντίον.

566 4080 695 4146 Sed
737 4082 1005 4164 longum
1050 4085 1153 4147 est
1198 4082 1277 4148 de
1319 4084 1617 4168 reliquis,
1663 4087 1775 4168 qui
1816 4089 1943 4154 huc
1988 4090 2322 4169 spectant,
2369 4087 2530 4156 locis
2570 4086 2667 4154 fu-

357 4189 488 4254 sius
534 4187 887 4269 disserere;
954 4191 1108 4254 sunt
1151 4190 1322 4256 enim
1362 4191 1458 4258 hi:
1519 4213 1580 4261 v.
1622 4201 1720 4263 75.
1767 4202 1908 4261 133.
1962 4202 2102 4261 182.
2146 4201 2289 4262 212.
2332 4200 2475 4261 275.
2522 4201 2668 4263 385.

355 4298 502 4360 433.
546 4297 695 4368 437.
738 4299 887 4362 480.
934 4301 1081 4363 508.
1130 4301 1274 4364 514.
1319 4304 1463 4368 604.
1510 4305 1654 4369 674.
1704 4307 1848 4370 748.
1898 4308 2042 4369 902.
2084 4305 2271 4369 1046.
2321 4341 2400 4352 -
