3015 4740
1250 298 1713 370 '-27-

339 474 523 541 dunt.
587 472 783 540 Cuius
809 490 1074 540 causam
1086 476 1156 539 et
1169 472 1487 555 originem
1510 474 1820 542 subtilius
1837 472 2313 555 inquirentibus
2338 473 2399 541 ei
2419 471 2672 541 scilicet

342 577 470 645 loci
517 577 681 646 nihil
733 577 1047 645 adferunt
1089 577 1414 661 utiltatis,
1474 578 1588 645 ubi
1649 583 1719 645 et
1755 578 1825 647 in
1869 589 1916 645 R
1953 583 2022 647 et
2060 577 2129 644 in
2175 577 2228 640 V
2270 596 2495 646 verum
2538 594 2671 643 ser-

343 689 569 754 vatum
616 689 752 767 est3
792 684 1056 751 maximi
1095 690 1326 753 contra
1370 689 1566 752 erunt
1623 705 1704 753 ea
1762 685 2068 752 momenti
2127 687 2426 768 exempla
2444 735 2460 768 ,
2506 702 2673 766 quae

339 794 408 861 in
466 793 694 860 eadem
746 792 914 861 vitia
970 793 1128 859 duos
1181 794 1297 860 hos
1373 793 1630 861 codices
1701 794 2002 876 delapsos
2080 811 2223 859 esse
2285 796 2673 859 monstrant.

344 901 517 984 Quid
560 900 777 968 enim?
874 900 1044 967 Num
1098 905 1173 967 tu
1234 901 1414 969 casui
1473 902 1757 968 dandum
1810 921 1953 969 esse
1991 920 2238 985 oenseS,
2280 901 2451 983 quod
2493 904 2563 966 et
2601 900 2673 966 in

350 1009 608 1075 Veneto
654 1012 723 1074 et
742 1007 811 1075 in
831 1008 1224 1076 Ravennate
1246 1027 1477 1076 versus
1520 1014 1644 1075 114
1682 1014 1751 1074 et
1786 1015 1948 1076 1100
1976 1007 2428 1077 evanuerunt?
2470 1007 2671 1073 Prae-

343 1116 643 1183 termitto
688 1118 1095 1198 quantopere·
1133 1117 1486 1183 abhorreat
1528 1135 1570 1183 a
1601 1109 2074 1198 probabilitate
2096 1115 2437 1198 permultis
2479 1114 2670 1181 huius

350 1223 721 1291 comoediae
750 1224 1015 1304 locisw.
1041 1228 1185 1306 868,
1208 1230 1355 1306 918,
1384 1230 1571 1306 1006,
1605 1228 1789 1307 1040,
1820 1229 2008 1306 1048,
2043 1227 2230 1301 1086,
2266 1228 2455 1306 1158,
2488 1228 2675 1308 1198,

349 1336 536 1415 1231,
585 1336 769 1414 1361,
828 1336 1012 1413 1499,
1064 1333 1256 1415 1510)
1303 1331 1462 1397 duos
1507 1330 1756 1398 scribas
1817 1330 2045 1398 eadem
2088 1322 2409 1401 vocabula
2452 1329 2675 1412 negle-

343 1437 535 1507 xisse.
649 1437 810 1521 Quis
861 1437 1095 1505 deinde
1138 1456 1294 1503 casu
1337 1436 1652 1520 obtigisse
1710 1437 2081 1520 opinabitur
2150 1440 2227 1504 ut
2286 1436 2533 1504 duobus
2606 1434 2676 1502 in

345 1543 622 1613 diversis
664 1544 849 1612 libris
885 1545 1153 1612 eaedem
1173 1548 1757 1627 transponerentur
1772 1563 1967 1614 voces
2002 1547 2098 1633 (v.
2122 1550 2270 1628 436,
2296 1550 2441 1628 661,
2490 1548 2675 1626 1081,

350 1656 539 1734 1164,
597 1652 833 1739 1260)Ρ
902 1650 1115 1734 Quid?
1194 1650 1380 1734 Quod
1425 1653 1683 1735 saepius
1722 1654 1816 1739 (v.
1866 1657 2010 1736 355,
2055 1657 2201 1735 876,
2250 1656 2436 1734 1168,
2479 1649 2677 1736 1256)

347 1764 579 1827 contra
626 1758 822 1825 metri
862 1759 970 1826 vel
1014 1778 1241 1826 sensus
1280 1760 1602 1827 rationem
1646 1760 1906 1841 utrique
1928 1758 2137 1827 codici
2174 1759 2441 1825 eaedem
2473 1757 2675 1822 inter-

346 1866 697 1950 polationis
741 1867 1036 1933 maculae
1076 1867 1429 1950 adspersae
1471 1867 1664 1934 sunt?
1750 1868 2095 1935 Accedunt
2120 1866 2397 1948 denique
2440 1864 2677 1932 menda

353 1974 606 2055 aliquot
650 1978 789 2041 tam
834 1974 1126 2058 mirifica,
1172 1980 1309 2043 tam
1356 1976 1745 2060 singularia,
1790 1981 1866 2043 ut
1911 1995 1993 2043 ex
2030 1976 2220 2044 unius
2263 1974 2677 2055 eiusdemque

350 2074 603 2148 librarii
638 2082 904 2165 ingenio
945 2081 1259 2166 originem
1295 2083 1579 2151 traxisse
1613 2103 1695 2153 ea
1716 2086 2012 2168 putanda
2042 2085 2193 2168 sint,
2247 2084 2453 2165 (velut
2481 2099 2678 2150 versu

356 2193 480 2256 307
535 2180 863 2274 πρόδομοι
901 2208 1018 2271 pro
1052 2179 1393 2275 πρόσοδοι,
1440 2191 1524 2257 cf.
1546 2198 1692 2275 968,
1745 2199 1922 2276 1001,
1955 2199 2140 2275 1277,
2181 2190 2390 2277 1298).
2476 2187 2680 2255 Vides

357 2295 812 2380 cognationem
855 2296 1029 2362 inter
1073 2298 1529 2365 Ravennatem
1575 2304 1645 2365 et
1687 2299 2032 2383 Venetum,
2078 2317 2206 2381 qua
2250 2297 2432 2364 nulla
2454 2299 2678 2379 potest

360 2423 504 2472 esse
549 2403 775 2470 artior.
867 2403 1052 2487 Quae
1075 2411 1214 2472 tum
1235 2407 1439 2473 solum
1475 2408 1677 2473 habet
1722 2407 2240 2518 explicationem,
2290 2403 2346 2472 si
2365 2408 2482 2471 aut
2516 2403 2696 2470 utri-'

359 2530 482 2592 que
526 2511 691 2579 libro
719 2512 1069 2579 communis
1093 2515 1318 2580 subest
1357 2513 1504 2581 fons
1547 2517 1665 2580 aut
1686 2514 1981 2582 Venetus
2011 2517 2306 2597 eet‘pote
2356 2531 2483 2579 uno
2533 2530 2674 2579 sae-

359 2620 504 2689 culo
546 2619 892 2703 recentior,
940 2638 1022 2686 ex
1053 2621 1439 2689 Ravennete
1471 2620 1838 2704 descriptus
1886 2625 2007 2688 est.
2096 2621 2176 2689 Id
2219 2620 2476 2702 quidem
2508 2617 2678 2700 quod

359 2731 648 2793 entremo
676 2728 818 2794 loco
849 2728 1235 2812 significavi,
1264 2748 1336 2796 re
1360 2747 1522 2797 vera
1541 2728 1789 2796 factum
1817 2747 1959 2796 esse
1991 2727 2446 2812 gravissimam
2468 2727 2678 2794 habeo

359 2851 622 2900 causam
679 2853 794 2901 cur
853 2853 1104 2918 negem.
1196 2835 1426 2902 Scatet
1475 2838 1645 2903 enim
1679 2836 1847 2903 liber
1883 2837 2238 2905 Ravennas
2289 2833 2474 2903 vitiis
2534 2851 2679 2901 cum

359 2941 907 3009 manifestissimis
956 2947 1096 3008 tum
1154 2942 1577 3028 foedissimis,
1658 2962 1823 3026 quae
1869 2945 2082 3012 omnia
2123 2943 2366 3010 Veneti
2411 2941 2679 3010 librario

357 3049 612 3117 evitata
659 3067 801 3115 esse
842 3050 1179 3117 cernimus,
1267 3051 1461 3119 Hunc
1503 3056 1727 3119 autem
1770 3071 1884 3119 suo
1929 3051 2147 3119 Marte
2191 3070 2270 3118 ea
2314 3049 2675 3117 correxisse

357 3157 472 3224 vix
518 3174 749 3224 vereor
791 3174 874 3222 ne
919 3155 1062 3236 quis
1106 3157 1470 3225 crediturus
1516 3159 1623 3242 sit,
1671 3158 1824 3238 quia
1867 3160 2028 3225 licet
2084 3176 2337 3225 errores
2379 3158 2678 3240 leviores,

354 3267 542 3334 Velut
585 3284 646 3332 v.
683 3271 765 3332 22
792 3263 915 3330 ’idm
953 3282 1034 3330 ex
1068 3263 1243 3348 εἴδω,
1286 3284 1346 3333 v.
1393 3272 1473 3332 91
1538 3267 1860 3333 Δίονυσον
1901 3286 1982 3333 ex
2034 3259 2419 3342 Διόνυσσον,
2462 3285 2525 3333 v.
2549 3270 2676 3330 466

354 3368 714 3461 ςηλότατον
762 3390 843 3438 ex
887 3377 1265 3458 ςηλωτατον
1309 3375 1754 3461 emendentur,
1813 3379 2036 3441 tamen
2094 3373 2236 3439 fieri
2292 3371 2552 3455 nequit,
2604 3375 2681 3440 ut

353 3482 480 3548 toti
528 3497 784 3562 versus,
847 3479 957 3560 qui
1025 3498 1106 3546 ex
1153 3482 1513 3565 archetypo
1564 3481 1800 3564 dilapsi
1843 3485 1996 3548 sunt
2034 3485 2264 3564 postea
2304 3480 2679 3548 coniciendo

364 3589 449 3656 ad
493 3587 843 3673 genuinam
886 3588 1158 3654 formam
1203 3607 1282 3654 ac
1324 3589 1604 3671 speciem
1649 3594 2041 3658 revocentur
2086 3590 2199 3678 (cf.
2239 3609 2301 3659 v.
2345 3595 2486 3674 104,
2531 3594 2679 3672 622,

355 3704 499 3780 690,
549 3695 659 3778 qui
699 3695 768 3763 in
808 3704 855 3760 R
897 3695 1334 3770 interierunt).

555 3804 661 3869 Ad
729 3803 1000 3870 eandem
1056 3822 1193 3869 rem
1252 3808 1559 3885 spectant
1609 3805 1904 3886 reliquae
1944 3816 1990 3871 R
2035 3805 2187 3873 libri
2245 3800 2676 3885 corruptelae,

350 3930 516 3993 quae
577 3930 749 3978 nunc
802 3911 1161 3995 legentium
1213 3911 1417 3979 oculis
1475 3901 1909 3979 subiciantur:
1971 3931 2033 3981 v,
2096 3918 2180 3981 40
2250 3910 2528 3996 στρέψαι
2566 3912 2576 3984 l
2613 3927 2676 3978 V.

354 4024 474 4084 123
521 4016 737 4098 ἐξολῶ
787 4020 798 4104 Ι
845 4037 908 4086 v.
961 4024 1081 4084 178
1126 4012 1346 4103 κάψας
1395 4019 1405 4106 Ι
1458 4038 1521 4087 v.
1566 4024 1692 4087 300
1750 4039 1888 4085 om:
1932 4015 2271 4096 παλλάδος
2311 4016 2617 4102 εἰαυδρον
2669 4016 2675 4102 Ι

348 4144 411 4193 v.
458 4132 582 4193 326
630 4127 753 4193 νῦν
793 4129 802 4210 Ι
841 4145 905 4194 V.
953 4131 1076 4192 327
1120 4128 1244 4194 νῦν
1281 4129 1475 4213 γετοῦ
1523 4145 1641 4195 om.
1683 4132 1692 4202 l
1729 4146 1791 4195 v.
1842 4133 1964 4194 335
2015 4125 2497 4216 ,uvormatyaag
2548 4129 2556 4206 Ι
2613 4143 2676 4193 v.

349 4237 474 4299 365
518 4253 630 4318 μοι
668 4240 676 4313 Ι
716 4251 774 4301 v.
821 4236 947 4300 402
994 4232 1140 4301 add.
1182 4258 1252 4320 γε
1290 4236 1301 4321 Ι
1339 4252 1401 4303 v.
1448 4238 1575 4301 420
1616 4253 1735 4301 om.
1754 4258 1823 4321 γε
1864 4243 1871 4317 ῑ
1910 4253 1972 4303 v.
2017 4236 2142 4300 433
2168 4232 2315 4299 add.
2337 4227 2614 4319 μεγάλας
2655 4233 2662 4318 Ι

344 4356 408 4408 v.
455 4342 580 4406 453
621 4335 741 4405 εἴτι
777 4336 787 4427 Ι
825 4357 887 4409 v.
929 4343 1060 4408 454
1101 4334 1137 4407 ἴ
1183 4339 1240 4409 εἰ
1277 4344 1287 4427 Ι
1324 4359 1386 4411 v.
1436 4344 1567 4409 464
1608 4334 1974 4429 ςηλότατον
2013 4341 2023 4414 Ι
2062 4359 2124 4409 v.
2169 4343 2300 4408 484
2340 4340 2459 4427 μὲν
2499 4336 2622 4425 γὰρ
2665 4333 2677 4421 1
