3015 4740
1324 291 1749 355 -39-

367 461 711 540 utrumque
751 458 1126 531 intercedit.
1211 458 1486 543 Propius
1523 459 1786 527 videtur
1827 460 1879 525 Δ
1923 459 2010 526 ad
2035 459 2533 528 Ambrosianum
2575 479 2683 528 ac-

373 568 607 635 cedere
666 567 747 634 cf.
801 572 940 632 147.
1002 572 1145 634 203.
1199 574 1342 633 267.
1390 573 1537 633 272.
1585 573 1726 634 390.
1769 571 1913 633 437.
1953 572 2077 634 622
2161 574 2304 634 768.
2351 573 2499 653 825,
2543 572 2714 639 862.-

379 681 561 740 1311.
612 679 797 740 1374.
849 678 1036 741 1419.
1086 678 1273 744 1428.
1326 678 1510 742 1445.
1564 681 1747 744 1456.

577 781 707 848 Sed
751 782 1089 861 quominus
1126 799 1208 847 ex
1245 783 1385 863 ipso
1429 782 1505 844 M
1525 781 1789 848 fluxisse
1809 785 2112 864 putemus
2141 787 2223 864 A,
2269 783 2494 849 obstat
2522 782 2693 863 quod

367 889 545 954 illius
588 888 828 955 codicis
868 890 1104 955 menda
1122 939 1138 971 ,
1203 907 1368 969 quae
1411 888 1750 955 innumera
1817 890 1960 955 fere
2023 907 2169 955 esse
2224 888 2574 974 cernimuS‚
2623 889 2695 957 in

370 999 423 1061 Δ
471 1015 599 1062 11011
641 997 884 1063 insunt.
975 996 1463 1064 consectarium
1507 1015 1664 1080 ergo
1710 1015 1791 1062 ex
1832 996 1934 1062 his
1978 1002 2083 1063 est
2125 996 2211 1063 ad
2253 996 2427 1064 idem
2468 988 2695 1065 archess

367 1113 572 1192 typon
598 1107 812 1176 redire
855 1113 1216 1190 utrumque.
1253 1108 1772 1192 Diligentissime
1815 1111 2106 1174 ceterum
2148 1110 2217 1174 in
2251 1111 2305 1175 Δ
2354 1107 2692 1176 correctri-

369 1215 463 1282 cis
508 1219 578 1282 et
620 1216 1131 1298 interpolatricis
1195 1234 1426 1281 manus
1494 1233 1692 1297 opera
1738 1218 2119 1298 consumpta
2187 1220 2327 1296 est;
2392 1215 2463 1280 id
2521 1215 2690 1297 quod

367 1341 493 1389 uno
538 1324 830 1406 exemplo
874 1324 1241 1406 declarabo,
1281 1341 1476 1389 versu
1512 1326 1679 1388 1444
1718 1322 1931 1405 enim,·
1953 1322 2083 1405 ubi,
2130 1326 2207 1388 ut
2246 1323 2323 1387 M
2359 1326 2686 1391 monstrat

366 1431 570 1498 verba
609 1432 672 1498 τί
713 1435 839 1517 φῆς
888 1431 1017 1498 iam
1071 1430 1141 1496 in
1197 1430 1557 1513 archetypo
1613 1430 1930 1496 communi
1980 1431 2205 1512 elapsa
2270 1435 2465 1497 erant
2514 1429 2689 1498 Lau-

364 1537 653 1605 rentiani
689 1539 903 1605 scriba
922 1588 938 1620 ,
995 1539 1183 1604 homo
1225 1537 1390 1603 artis
1431 1537 1745 1604 metricae
1804 1538 1972 1604 satis
2012 1537 2296 1619 peritus,
2354 1539 2688 1606 labentem

364 1647 673 1714 versiculi
715 1664 1050 1712 numerum
1092 1663 1208 1726 pro
1252 1645 1430 1711 virili
1468 1650 1664 1728 parte
1705 1646 1803 1711 ita
1846 1649 2222 1712 sustentare
2267 1646 2520 1712 studuit
2537 1697 2553 1729 ,
2612 1652 2689 1713 ut

365 1754 682 1821 scriberet
718 1754 780 1819 τί
823 1754 985 1839 δῆτα
1027 1752 1109 1818 cf.
1163 1756 1345 1818 1466.
1395 1758 1581 1818 1506.
1672 1752 1778 1819 Ad
1829 1756 2189 1819 extremum
2240 1752 2532 1819 breviter
2574 1753 2687 1819 ad-

366 1867 632 1930 notetur
651 1913 667 1946 ,
729 1862 898 1943 quod
954 1854 1375 1928 adhistoriam
1419 1860 1774 1927 editionum
1816 1860 2443 1942 Aristophanearum
2484 1861 2686 1942 perti-

363 1973 497 2035 net.
583 1968 1101 2034 Laurentianum
1174 1974 1235 2031 A
1280 1967 1365 2034 ad
1430 1967 1821 2055 Aldinam1)
1883 1967 2234 2034 editionem
2302 1971 2685 2050 usurpatum

363 2095 506 2142 esse
570 2075 648 2142 cf.
708 2094 771 2142 v.
823 2082 960 2141 189.
1005 2081 1149 2141 218.
1199 2081 1345 2141 258.
1395 2081 1538 2142 369.
1583 2080 1730 2141 412.
1779 2079 1923 2142 433.
1971 2082 2116 2142 622.
2155 2080 2297 2142 655.
2346 2079 2493 2142 681.
2535 2083 2684 2167 702.

366 2190 506 2251 768.
550 2188 694 2250 812.
743 2189 886 2249 870.
932 2187 1076 2248 932.
1127 2188 1312 2249 1065.
1360 2188 1547 2249 1083.
1594 2188 1781 2250 1093.
1816 2187 2003 2250 1099.
2040 2187 2223 2250 1179.
2268 2186 2681 2251 11991215.

362 2296 548 2356 1260.
594 2294 781 2356 1286.
846 2293 1020 2353 1442.
1069 2293 1250 2354 1448.
1301 2294 1487 2355 1466.
1540 2294 1723 2354 1505.
1775 2295 1959 2354 1506.

565 2396 832 2480 Quibus,
878 2400 954 2461 ut
994 2397 1198 2479 potui,
1244 2397 1560 2475 enodatis,
1599 2395 1917 2476 reliquum
1962 2400 2102 2481 est,
2146 2400 2254 2478 ut,
2303 2415 2522 2478 quem,
2563 2397 2678 2462 ad-

358 2506 612 2571 modum
653 2504 722 2570 in
762 2502 1114 2585 Equitibus
1157 2504 1307 2587 1001,
1352 2504 1457 2571 1110
1492 2521 1744 2586 quoque
1779 2502 2144 2569 stemmatis
2185 2503 2428 2569 auxilio
2471 2521 2681 2568 meam

357 2613 439 2677 de
481 2612 669 2678 varia
730 2612 1132 2695 singulorum
1187 2611 1478 2682 codicum
1533 2613 1710 2678 inter
1766 2628 1838 2678 se
1899 2609 2370 2677 coniunctionis
2425 2608 2682 2676 ratione
2735 2627 2740 2630 ·

356 2720 752 2801 complectar
788 2718 1220 2786 sententiam:

1285 2853 1327 2895 α
1369 2826 1553 2919 (fort.
1600 2840 1771 2891 saec.
1821 2821 1957 2909 ΙΠ)

552 4370 594 4437 ¹)
630 4370 862 4439 Saepius
896 4373 1005 4428 iam
1044 4374 1403 4429 observatum
1443 4377 1528 4428 est
1567 4371 2007 4441 antiquissimam
2043 4384 2321 4440 quamque
2362 4369 2665 4426 editionem
2799 4404 2816 4414 -

347 4461 504 4517 velut
540 4458 881 4533 Aristotelis,
918 4478 987 4519 ex
1025 4459 1249 4521 infimae
1296 4463 1511 4520 aetatis
1547 4461 1840 4520 codicibus
1874 4473 2189 4532 expressam
2217 4465 2356 4517 esse:
