3015 4740
1216 262 1644 326 ...10-

287 423 496 509 Quam
539 424 738 493 facile
778 426 1025 511 potuit,
1088 430 1164 495 ut
1207 427 1293 495 ab
1335 431 1722 512 argumento
1781 427 2110 498 levissimo
2164 430 2386 499 ordiar
2401 480 2418 513 ,
2476 430 2604 499 iste

283 530 394 610 qui
439 540 485 596 R
529 531 766 599 librum
809 533 1073 616 scripsit
1114 534 1200 600 ad
1244 535 1541 618 superius
1582 535 1671 621 (v.
1719 535 1871 622 354)
1921 535 2083 603 illud
2117 524 2261 603 κᾶτ’
2314 530 2603 604 ἑπιπιοόν

282 634 465 703 oculo
509 638 817 707 aberrare
834 639 866 705 P
909 638 1183 722 Deinde,
1226 640 1284 706 si
1325 628 1469 706 κᾶτ’
1516 635 1772 706 ἐκπιών
1814 639 1884 706 in
1913 643 2171 709 textum
2195 642 2600 724 recipiemus,

286 744 495 810 multo
540 746 1014 814 concinniorem
1056 745 1372 814 orationis
1413 746 1687 814 formam
1725 747 1898 814 effici
1938 751 2173 833 negari
2214 751 2391 817 nullo
2413 751 2600 817 modo

280 853 503 931 potest
609 851 875 919 Etenim
917 852 1282 920 botularius
1324 853 1672 933 unicuique
1733 853 1993 922 Cleonis
2044 855 2393 923 elocutioni
2429 854 2600 921 simi·

293 956 440 1039 lem,
487 959 603 1024 sed
644 958 856 1043 magis
889 959 1202 1026 rusticam
1226 959 1510 1042 opponit,
1558 960 1772 1047 (velut
1797 966 1925 1027 254
1950 964 2152 1030 verbo
2183 956 2592 1047 καταφαγών

280 1064 633 1145 respondet
666 1064 1239 1153 καταβροχθίσας),
1284 1065 1382 1132 ita
1418 1066 1542 1132 hoc
1585 1083 1837 1146 quoque
1874 1067 2017 1134 loco
2066 1063 2355 1136 ἐπιπιοόν
2418 1068 2605 1155 (354)

287 1170 709 1238 continuatur
730 1175 801 1239 et
826 1177 1108 1257 augetur
1133 1190 1296 1240 voce
1340 1164 1612 1238 ἐκπιών.
1698 1171 1793 1237 Et
1835 1173 2064 1238 eadem
2108 1172 2251 1241 fere
2279 1176 2410 1240 iam
2432 1172 2606 1254 apud

282 1275 705 1343 scholiastam
764 1278 1047 1344 occurrit
1113 1278 1516 1348 observatio:
1582 1279 2082 1365 παρατηρητέον
2165 1279 2236 1345 δὲ
2302 1272 2408 1345 ὃτι
2466 1290 2606 1355 τοῖς

282 1379 447 1458 ἴσοις
505 1377 882 1465 ἀμείβεσθαι
940 1388 1302 1467 φιλονεικεῖ
1355 1382 1477 1451 τὸν
1538 1386 1815 1451 Κλέωνα
1870 1391 1973 1472 τῷ
2027 1386 2145 1472 μὲν
2200 1377 2438 1469 θύννῳ
2482 1381 2605 1449 τὸν

284 1482 505 1571 ζωμὸν
544 1537 561 1556 .
601 1535 617 1550 .
654 1535 669 1551 .
718 1537 733 1554 .
792 1490 1292 1576 παρατηρητέον
1349 1491 1425 1557 δέ
1479 1482 1588 1556 ὅτι
1630 1483 1858 1577 ὥσπερ
1920 1483 1959 1556 ὁ
2003 1490 2238 1556 Κλέων
2298 1482 2605 1575 ἐπήνεγκε

280 1586 673 1673 κασαλβάσω
718 1592 875 1674 τοὺς
913 1594 985 1662 ἐν
1029 1593 1234 1683 Πύλῳ
1281 1594 1683 1683 στρατηγοὺς
1715 1590 1896 1664 οὕτω
1927 1599 2036 1664 καὶ
2064 1585 2259 1675 οὗτος
2293 1589 2605 1683 ἐχρήσατο

288 1703 388 1788 τῷ
434 1705 762 1788 λαρυγγιῶ
800 1700 961 1781 τοὺς
1002 1696 1297 1789 ῥήτορας.
1384 1704 1603 1790 Majus
1660 1705 1861 1772 etiam
1915 1707 2001 1772 ad
2058 1723 2138 1772 ea
2200 1722 2366 1785 quae
2420 1703 2607 1770 modo

282 1808 631 1890 disputavi,
676 1809 1011 1891 firmanda,
1055 1813 1125 1875 et
1167 1811 1435 1893 gravius
1478 1811 1923 1877 testimonium
1964 1811 2223 1877 accedit
2254 1809 2603 1891 Athenaei,

284 1914 394 1995 qui
426 1918 736 1983 accurate
777 1919 1012 1998 poetae
1053 1916 1259 1983 verba
1300 1916 1672 1998 exscripsit:

282 2046 806 2130 καταβροχθίσας
845 2033 988 2111 κᾶτ’
1032 2042 1344 2113 ἐκπιών
1388 2046 1494 2111 καὶ
1533 2041 1755 2131 ζωμὸν
1784 2040 2242 2123 ἀναπόνιπτος
2276 2043 2605 2130 λαρυγγιῶ

283 2148 441 2230 τοὺς
477 2146 758 2239 ρήτορας
796 2154 905 2218 καὶ
948 2153 1187 2219 Νικίαν
1228 2145 1516 2239 ταράξω.

490 2279 680 2346 Alius
715 2282 857 2347 tum
903 2299 1084 2347 error
1118 2298 1314 2348 versu
1366 2286 1492 2347 459
1535 2280 1797 2348 videtur
1855 2279 2186 2348 tollendus
2243 2296 2419 2360 esse,
2491 2276 2604 2343 ubi

285 2386 674 2454 Ravennate
716 2388 943 2455 confisi
995 2387 1338 2474 τ’ἐπῆλθες
1394 2398 1535 2471 (pro
1577 2382 1969 2476 θ’ὓπῆλθες)
2025 2391 2110 2455 ab
2165 2387 2606 2470 Aristophane

284 2493 565 2576 positum
609 2512 752 2561 esse
794 2495 919 2561 sibi
956 2499 1423 2577 persuaserunt
1463 2496 1592 2563 viri
1647 2497 1840 2562 docti.
1941 2496 2226 2561 Possunt
2287 2494 2456 2561 enim
2523 2510 2606 2558 ex

310 2601 706 2667 scholiastae
761 2600 1309 2684 interpretatione
1326 2651 1342 2683 ,
1423 2619 1591 2681 quae
1668 2601 1820 2667 huic
1889 2601 2109 2669 versui
2184 2600 2403 2666 adfixa
2460 2602 2602 2665 est:

286 2706 663 2794 ἐπιτηδείως
722 2703 930 2774 αύτὸν
994 2708 1102 2773 καὶ
1161 2700 1474 2785 ὑπούλως
1519 2705 1628 2774 διὰ
1671 2710 1811 2773 τῶν
1850 2701 2070 2793 λόγων
2129 2705 2427 2793 ἐνίκησας
2463 2707 2605 2772 τῶν

286 2816 445 2896 σῶν,
488 2815 693 2881 verba
732 2808 1049 2891 ὑπούλως
1090 2812 1387 2899 ἐνίκησας
1424 2813 1510 2880 ad
1531 2812 1696 2879 nihil
1726 2813 1854 2880 nisi
1888 2817 1973 2880 ad
2012 2806 2376 2899 θ’ὖπῆλθες
2405 2809 2605 2878 inter-

281 2922 671 3002 pretandum
694 2920 1040 3004 pertinere.
1128 2919 1381 2986 Eadem
1415 2937 1666 3000 quoque
1696 2919 2175 3008 significatione
2206 2916 2605 3003 ὑπέρχεσθαι

284 3043 327 3091 a
359 3030 555 3107 poeta
597 3045 660 3095 v.
707 3030 831 3094 269
875 3024 1155 3108 positum
1189 3029 1325 3091 est:
1374 3017 1811 3111 οῖ’ὗπέρχεται
1852 3016 2034 3113 ἡμᾶς.
2091 3022 2207 3113 (cf.
2267 3022 2424 3089 Eur.
2467 3021 2602 3088 An-

285 3131 484 3197 drom.
529 3135 677 3199 435.
724 3131 933 3215 [phig.
974 3131 1125 3198 Aul.
1162 3131 1297 3219 67.)

489 3282 752 3350 Nullam
790 3281 1024 3348 deinde
1066 3280 1327 3348 laudem
1361 3282 1739 3348 meruerunt
1783 3279 2096 3362 editores,
2159 3277 2328 3358 quod
2368 3296 2431 3345 v.
2474 3278 2601 3341 477

290 3388 377 3453 ad
414 3406 610 3454 unum
655 3407 876 3456 omnes
913 3386 1324 3469 Ravennati,
1384 3387 1496 3468 qui
1537 3384 1611 3453 ἐν
1652 3385 1879 3464 tradit,
1922 3383 2234 3470 obsecuti,
2277 3381 2518 3449 codicis
2562 3382 2605 3459 β

288 3493 676 3576 scripturam
712 3493 817 3561 ἐπὶ
861 3499 1109 3561 temere
1150 3492 1596 3576 repudiarunt.
1681 3491 1814 3559 Per
1853 3508 1925 3558 se
1969 3490 2226 3572 quidem
2266 3490 2373 3557 hic
2415 3504 2602 3570 prae·

287 3599 626 3685 positionis
668 3598 773 3666 ἐπὶ
830 3618 1014 3667 usum
1066 3603 1292 3682 aptum
1340 3604 1411 3666 et
1461 3598 1859 3667 commodum
1921 3616 2066 3665 esse
2123 3596 2319 3666 valde
2380 3594 2606 3661 dubito

289 3727 443 3775 num
499 3707 642 3788 quis
701 3710 967 3789 praeter
1022 3706 1481 3791 Bambergium
1552 3705 1662 3788 (cf.
1720 3723 1853 3788 pag
1944 3711 2012 3785 7)
2069 3707 2430 3787 negaturus
2480 3701 2569 3767 sit
2585 3748 2602 3783 ,

288 3819 489 3896 atque
525 3816 722 3896 poeta
763 3812 904 3897 ipse
946 3812 1448 3896 contradiceret,
1493 3812 1605 3894 qui
1645 3812 1865 3894 paullo
1902 3813 2063 3877 ante
2112 3827 2176 3877 v.
2236 3811 2361 3875 236
2400 3805 2604 3886 loqui·

290 3924 431 3988 tur:
495 3915 642 4008 ὁτιὴ
699 3917 804 3987 ἐπὶ
852 3921 952 4006 τῷ
996 3912 1179 4007 δήμῳ
1236 3913 1651 4005 ξυνόμνυτον
1706 3914 1911 3985 πάλαι
1960 3915 2223 4003 (confer
2260 3918 2608 3998 praeterea

291 4026 694 4095 Herodotum
760 4024 893 4095 VII
955 4030 1080 4094 235
1137 4027 1693 4113 Πελοποννησίων
1749 4039 2259 4111 συνομοσαντων
2342 4020 2450 4086 ἐπὶ
2505 4018 2607 4086 σοί

293 4137 364 4200 et
407 4130 522 4199 VI.
570 4137 668 4199 74.
671 4138 699 4213 )

498 4256 631 4323 Sed
671 4277 744 4323 re
784 4278 945 4329 vera
986 4258 1493 4341 Aristophanem
1532 4257 1821 4325 dedisse:

2997 1688 3006 1707 -
2997 1640 3010 1661 ...
2955 360 3009 1603 *Ji-*ww

2965 1798 3010 1925 dd..

2992 2156 3015 2386 Ama-2
2958 2018 3011 2115 J.
