3015 4740
1342 260 1766 323 *25*

378 442 546 506 quae
590 425 845 493 Veneto
886 424 1233 506 debentur,
1275 425 1421 508 περὶ
1467 415 1792 490 ἁπάντων
1830 418 2242 508 πραγμάτων
2258 475 2275 507 ,
2340 425 2714 493 sententiae

373 532 828 615 integritatem
896 530 1174 596 restitui.
1293 529 1521 609 Neque
1605 529 1816 595 minus
1882 529 2095 595 videri
2167 533 2390 610 potest
2448 531 2710 598 dubium

370 637 873 725 respicientibus
912 636 1285 702 continuam
1328 640 1397 701 et
1441 639 1819 701 accuratam
1862 634 2041 700 inter
2082 634 2344 702 Cleonis
2408 640 2476 702 et
2519 638 2705 704 botu-

370 747 522 812 larii
559 763 916 812 sermonem
959 743 1440 824 responsionem
1460 794 1475 825 ,
1525 743 1678 824 quin
1721 743 1875 808 huic
1922 742 2178 829 quidem
2224 744 2365 809 loco
2411 763 2540 810 non
2582 745 2710 812 nisi

368 855 710 937 perinepte
766 852 942 918 istud
1008 850 1286 917 omnium
1356 856 1724 916 nostrorum
1791 850 2082 916 codicum
2150 851 2702 919 additamentum:

363 958 443 1027 τὸ
486 963 647 1038 πέος
691 953 915 1025 οὑτοσὶ
963 952 1154 1025 δάκοι
1190 958 1577 1025 inculcetur.
1684 958 1929 1025 Contra
1992 977 2076 1024 ne
2133 959 2276 1039 quis
2332 961 2417 1026 ad
2474 961 2707 1029 scholi-

370 1076 558 1138 astae
625 1069 881 1135 metrici
955 1067 1445 1135 adnotationem
1519 1073 1990 1149 provocaturus
2076 1067 2197 1133 sit:
2274 1070 2705 1155 προτίθενται

370 1179 574 1263 στίχοι
616 1177 898 1261 ἰαμβίκοὶ
940 1169 1384 1260 άκατὰληκτοι
1433 1170 1529 1259 ιζ·
1574 1172 1653 1240 τὸ
1699 1172 1846 1261 γὰρ,
1867 1176 1923 1241 ἰέ
1967 1170 2279 1261 δὶμετρόυ
2324 1175 2501 1243 ἐστιν
2550 1171 2708 1242 α’κα-

367 1281 715 1371 τάληκτου,
752 1284 866 1351 vix
887 1283 1243 1351 verendum
1274 1288 1396 1365 est,
1444 1283 1746 1362 quoniam
1778 1285 1899 1350 hoc
1924 1284 2232 1367 scholion,
2260 1284 2328 1350 in
2378 1293 2417 1350 V
2444 1292 2492 1349 Ο
2514 1285 2702 1351 omis-

369 1411 528 1473 sum,
578 1411 659 1456 ex
702 1386 1059 1473 Byzantini
1078 1384 1084 1389 ’
1102 1389 1378 1454 alicuius
1419 1389 1681 1471 ingenio
1731 1394 2027 1456 exortum
2073 1395 2193 1456 est.
2282 1390 2525 1457 Restat
2546 1442 2561 1473 ,
2622 1397 2698 1457 ut

366 1498 557 1565 huius
616 1497 763 1565 vitii
819 1496 1136 1563 latissime
1205 1495 1497 1577 patentis
1555 1495 1902 1579 originem,
2009 1501 2322 1577 quantum
2402 1517 2693 1583 possum,

367 1605 745 1671 describam.
836 1603 1268 1685 Vulgabatur,
1311 1604 1538 1684 opinor
1556 1654 1573 1686 ,
1615 1603 1980 1683 antiquitus
2024 1621 2253 1670 versus
2298 1610 2465 1671 1029
2508 1607 2699 1673 varia

364 1711 594 1778 lectio:
658 1705 736 1774 τὸ
788 1709 947 1785 πέος
995 1704 1220 1775 οὑτοσὶ
1273 1703 1491 1791 δάκοι,
1571 1728 1737 1790 quae
1802 1712 1887 1776 ad
1962 1710 2321 1794 marginem
2376 1711 2700 1779 adnotata

365 1823 596 1903 postea
639 1816 857 1883 nescio
915 1834 1037 1895 quo
1080 1835 1236 1882 casu
1278 1817 1347 1882 111
1386 1822 1642 1884 textum
1683 1822 1835 1901 post
1879 1836 2137 1886 versum
2181 1824 2345 1884 1010
2396 1819 2693 1901 inrepsit.

372 1925 418 1990 J
419 1944 526 1991 am
570 1924 639 1989 in
680 1922 958 1989 omnium
1002 1928 1365 1990 nostrorum
1415 1926 1725 1991 librorum
1770 1927 2131 2008 archetypo
2174 1926 2268 1992 sic
2308 1926 2689 2010 legebatur:

1681 2035 1847 2119 περὶ,
1896 2026 2219 2100 ἅπάντοον
2263 2028 2689 2120 πραγμάτων.

455 2140 603 2224 περὶ
649 2141 787 2217 σοῦ,
830 2141 977 2225 περὶ
1018 2137 1178 2224 ἐμοῦ
1218 2135 1296 2204 τὸ
1337 2139 1498 2216 πέος
1541 2142 1763 2207 οὗτοσὶ
1809 2137 2016 2208 δάκοι.

406 2320 410 2325 ,
579 2246 733 2312 Sola
786 2246 992 2329 igitur
1052 2245 1408 2311 scribarum
1465 2245 1719 2312 incuria
1774 2214 1850 2312 A
1889 2248 1958 2312 in
2018 2258 2064 2313 R
2110 2252 2179 2313 et
2218 2248 2287 2312 in
2335 2248 2406 2309 X
2451 2247 2688 2314 verba:

368 2356 514 2440 περὶ
563 2346 890 2420 ἁπάντων
930 2348 1336 2439 πραγμάτων
1382 2353 1795 2421 interierunt.
1858 2395 1934 2401 —-
1992 2354 2122 2421 Sed
2163 2356 2328 2423 haec
2373 2354 2692 2421 haetenus

1610 2571 1868 2582 ——--.-.-—

1462 2819 1585 2903 H.

563 3006 860 3072 Eandem
923 3007 1177 3090 legem,
1244 3026 1434 3087 quam
1495 3026 1693 3090 supra
1752 3008 1833 3072 de
1892 3005 2182 3073 codicum
2225 3004 2294 3070 in
2335 3003 2686 3084 Equitibus

357 3112 855 3194 propinquitate
913 3117 1112 3193 atque
1157 3115 1559 3181 auctoritate
1606 3113 1917 3180 constitui
1934 3164 1949 3195 ‚
2009 3116 2242 3193 suapte
2299 3095 2540 3177 natura
2599 3111 2684 3177 ad

354 3218 641 3299 reliquas
698 3219 961 3285 fabulas
1018 3220 1243 3308 valere
1296 3240 1425 3288 non
1480 3221 1872 3303 putabimus,
2000 3221 2144 3302 Qua
2203 3237 2276 3283 re
2338 3218 2433 3283 nil
2493 3217 2686 3284 otiosi

354 3344 472 3391 nos
515 3325 809 3393 facturos
848 3346 990 3394 esse
1035 3327 1365 3413 existim0,
1420 3329 1476 3394 si
1520 3328 1793 3394 eandem
1851 3328 1921 3393 in
1968 3325 2261 3392 Nubibus
2313 3329 2683 3407 repetemus

355 3433 801 3513 quaestionem
909 3435 1132 3501 Etiam
1193 3436 1369 3504 viam
1421 3434 1797 3518 disputandi
1851 3432 2204 3501 assimilem
2260 3452 2404 3499 cum
2460 3433 2702 3520 fructu,

351 3539 803 3622 ingrediemur.
890 3542 936 3606 J
937 3562 1042 3607 am
1085 3543 1361 3625 primum
1408 3544 1710 3626 omnium,
1755 3547 1832 3609 ut
1873 3543 2248 3624 habeamuS,
2269 3625 2272 3632 ι
2292 3560 2417 3622 quo
2451 3543 2682 3625 pedem

353 3652 533 3713 certo
579 3647 1003 3730 figamusgtad
1047 3650 1358 3729 liquidum
1411 3651 1753 3734 redigatur
1793 3668 2061 3717 necesse
2105 3649 2264 3732 erit,
2312 3649 2510 3730 quali·
2532 3668 2680 3732 cog-

351 3755 638 3821 nationis
691 3755 951 3822 vinculo
1012 3751 1354 3826 constricti
1429 3758 1563 3825 sint
1634 3760 1990 3826 Ravennas
2046 3758 2484 3836 Venetusque.
2601 3755 2681 3820 In

350 3862 698 3943 Equitibus
741 3863 997 3944 quidem
1041 3865 1203 3931 nihil
1245 3867 1401 3932 huic
1449 3886 1594 3932 cum
1639 3867 1751 3931 illo
1791 3884 1934 3932 esse
1974 3882 2305 3931 commune
2345 3862 2675 3945 superiore

353 3970 794 4052 disputatione
854 3971 1039 4038 evici.
1148 3973 1250 4038 De
1303 3974 1598 4039 Nubibus
1654 3977 1876 4040 autem
1936 3973 2006 4040 in
2079 3969 2474 4038 contrariam
2537 3971 2680 4037 fere

350 4078 745 4144 sententiam
786 4079 1247 4146 discedendum
1294 4100 1437 4148 esse
1479 4080 1794 4147 facillima
1857 4098 2053 4163 opera
2111 4075 2490 4161 dispicient,
2568 4079 2679 4158 qui

349 4184 688 4265 utriusque
742 4186 893 4251 libri
928 4186 1275 4254 lectiones
1341 4188 1826 4256 consentientes
1879 4183 2403 4270 percensuerint:
2479 4204 2540 4252 v.
2592 4189 2675 4251 87

347 4293 660 4378 πείθομαι
697 4294 708 4378 Ι
744 4312 809 4363 V.
851 4300 931 4360 92
975 4296 1283 4382 θυρίδιον
1325 4297 1335 4385 Ι
1412 4316 1475 4365 v.
1527 4302 1652 4363 114
1696 4314 1816 4363 om.
1858 4299 1867 4382 Ι
1905 4312 1963 4362 v.
2015 4299 2138 4361 130
2181 4285 2662 4381 σκινδάλμουςΙ
