3015 4740
1281 242 1708 306 ...20-

334 413 542 497 pretis
590 412 845 494 antiqui
894 409 1251 496 exemplari
1308 408 1514 476 fuisse
1587 409 2074 477 evidentissime
2146 411 2462 494 efficitur,
2542 412 2667 478 sed

337 521 540 588 etiam
580 523 837 603 τῶνδε;
880 540 1090 602 neque
1134 518 1306 586 enim
1350 536 1518 598 quae
1561 516 1631 581 in
1651 517 1915 584 scholiis
1940 519 2022 584 de
2052 512 2491 606 διεγαλήνισεν
2512 537 2663 601 pro-

335 629 655 713 feruntur,
697 628 767 697 in
807 625 945 696 οἵδε
980 628 1113 695 ullo
1154 625 1340 693 modo
1383 625 1629 690 cadunt

541 736 739 803 Ratio
778 732 1239 818 disputationis
1280 750 1464 798 meae
1509 730 1812 812 impedit,
1863 731 2200 809 quominus
2252 751 2483 800 versus
2530 738 2662 798 698

339 844 411 906 et
457 847 600 924 701,
641 842 710 908 in
750 841 983 922 quibus
1005 845 1110 907 ter
1142 840 1197 905 εἰ
1241 857 1386 904 cum
1411 836 1824 903 coniunctivo
1848 837 2096 920 legitur
2137 857 2220 904 ex
2245 838 2664 906 Ravennatis

337 949 738 1014 auctoritate
780 949 874 1033 (in
916 951 958 1027 β
1000 948 1176 1014 inest
1222 942 1338 1011 ἐὰν
1381 945 1492 1012 vel
1527 937 1656 1031 ἢν),
1699 942 1990 1011 intactos
2021 946 2401 1026 relinquam.
2492 946 2661 1011 Nolo

336 1058 560 1121 tamen
601 1055 832 1121 tritam
869 1054 1067 1122 istam
1113 1050 1643 1128 controversiam,
1688 1054 1906 1116 utrum
1950 1053 2006 1118 εἰ
2047 1072 2191 1119 cum
2245 1053 2660 1122 subiunctivo

332 1159 715 1228 admiserint
754 1161 970 1228 Attici
1010 1179 1233 1242 necne,
1279 1159 1385 1225 hic
1409 1161 1872 1241 pertractrare.
1961 1159 2178 1225 Unum
2223 1162 2346 1227 hoc
2370 1162 2661 1227 admoui*

333 1271 521 1334 turus
565 1286 706 1335 sum
749 1270 952 1335 talem
996 1266 1467 1333 coniunctionis
1514 1265 1976 1331 condicionalis
2016 1285 2200 1332 usum
2255 1286 2385 1334 non
2429 1267 2660 1333 confir-

335 1373 502 1440 mari
529 1374 656 1442 nisi
679 1375 1077 1458 tragicorum
1108 1373 1359 1453 aliquot
1383 1372 1712 1455 exemplis,
1804 1372 2052 1455 (Antig.
2103 1380 2243 1441 710.
2291 1374 2452 1441 Oed.
2501 1375 2657 1457 Tyr.

339 1485 461 1546 198
495 1486 621 1547 874
669 1481 827 1547 Oed.
864 1481 932 1548 C.
968 1484 1129 1547 1443
1178 1480 1412 1545 Aesch.
1459 1479 1641 1545 Pers,
1686 1486 1810 1546 222
1856 1479 2032 1562 snpl.
2083 1488 2163 1547 86
2206 1483 2378 1568 395).
2474 1482 2657 1564 Quae

334 1587 485 1653 olim
527 1590 702 1669 aqud
743 1589 1068 1671 pedestris
1112 1587 1425 1654 orationis
1472 1587 1824 1669 scriptores
1867 1591 2221 1655 exstabant
2261 1590 2460 1656 Thuc.
2508 1596 2654 1671 6,21

331 1692 504 1760 Plat.
563 1695 692 1779 leg.
756 1703 833 1762 12
880 1716 942 1778 p.
986 1702 1131 1777 958,
1179 1697 1344 1760 Aen.
1396 1695 1630 1777 Cyrop.
1679 1694 1804 1776 III,
1869 1701 2016 1775 3,5O
2061 1696 2189 1761 iam
2232 1695 2481 1779 pridem
2525 1714 2658 1761 om-

332 1801 510 1866 nium
556 1820 873 1868 consensu
918 1804 1179 1868 sublata
1225 1800 1396 1866 sunt.
1487 1801 1587 1866 Ne
1626 1800 1799 1880 apud
1841 1801 2349 1883 Aristophanem
2397 1802 2657 1882 quidem

334 1907 513 1974 aliud
541 1913 807 1991 praeter
846 1927 926 1974 ea
974 1909 1055 1976 de
1101 1908 1332 1988 quibus
1374 1907 1582 1989 igitur
1624 1907 1986 1986 exemplum
2030 1909 2291 1991 legitur.
2380 1911 2546 1975 Nam
2586 1910 2658 1975 in

332 2014 523 2081 Paris
564 2034 759 2083 versu
801 2020 929 2081 450
975 2014 1456 2082 coniunctivum
1501 2011 1867 2078 rectissime
1921 2013 1992 2079 in
2052 2016 2418 2096 optativum
2441 2021 2658 2083 trans-

333 2127 657 2191 mutatum
701 2144 743 2192 a
785 2123 1113 2191 Meinekio
1157 2142 1300 2190 esse
1343 2140 1530 2188 nemo
1571 2124 1794 2203 negat.
1896 2120 2027 2187 Sed
2093 2122 2294 2189 etiam
2351 2129 2509 2208 treS‚
2549 2124 2660 2205 qui

333 2234 594 2298 restant
643 2233 820 2301 locos
875 2234 1138 2315 placere
1197 2249 1387 2314 posse
1441 2248 1629 2313 nego.
1752 2228 1920 2295 Nam
1973 2250 2284 2314 ponamus
2344 2233 2654 2317 tragicOS,

332 2343 409 2404 ut
451 2340 578 2407 viri
619 2341 796 2409 docti
837 2342 1068 2409 volunt
1087 2340 1193 2424 (cf.
1218 2340 1494 2407 Ellendt
1536 2339 1734 2406 index
1771 2337 2070 2422 Sophocl.
2129 2361 2193 2425 p.
2221 2343 2373 2429 197)
2419 2339 2475 2406 ἐι
2513 2359 2658 2407 cum

335 2446 745 2514 coniunctivo
792 2466 875 2514 ex
930 2448 1199 2514 Homeri
1254 2448 1625 2514 imitatione
1678 2446 1927 2512 dixisse
1946 2499 1961 2530 ,
2022 2453 2245 2515 tamen
2277 2450 2362 2515 ad
2408 2447 2659 2513 Aristo-

335 2552 634 2636 phanem,
694 2554 807 2633 qui
858 2553 1217 2636 proletaria
1273 2553 1500 2635 lingua
1558 2557 1781 2618 nostro
1845 2552 1985 2617 loco
2055 2555 2282 2636 utitur,
2342 2557 2506 2621 haec
2552 2573 2658 2621 ex-

337 2661 589 2727 cusatio
639 2661 817 2727 nullo
877 2660 1062 2726 modo
1119 2659 1427 2743 pertinet.
1533 2658 1692 2724 Cum
1759 2658 1966 2742 igitur
2024 2660 2421 2743 singularem
2462 2663 2661 2729 istam

343 2766 815 2834 coniunctionis
853 2764 912 2831 ἐι
955 2766 1503 2833 constructionem
1543 2764 1613 2830 in
1653 2783 1946 2831 sermone
1990 2767 2361 2834 Atticorum
2402 2768 2664 2852 vulgari

337 2873 746 2940 tolerandam
817 2891 961 2939 esse
1034 2872 1467 2939 demonstrari
1522 2876 1810 2951 nequeat
1868 2872 2279 2942 Ravennatis
2333 2876 2662 2958 scriptura

337 3002 443 3050 am
487 2999 606 3065 per
648 2999 720 3047 se
768 2985 1073 3062 suspecta
1113 2982 1224 3061 fit3
1272 2984 1421 3048 tota
1488 2982 1711 3046 autem
1771 2982 2036 3067 corruit,
2102 2984 2402 3065 quoniam
2459 2984 2663 3049 codex

340 3092 382 3171 β
447 3081 961 3172 praeslarissiine
1032 3090 1383 3155 solemnem
1467 3086 1840 3154 Atticorum
1919 3090 2268 3157 dictionem
2346 3089 2661 3157 defendit.

342 3198 660 3264 Fortasse
707 3195 858 3263 huic
903 3195 1459 3280 argumentationi
1496 3195 1891 3262 scholiastae
1935 3216 2186 3277 quoque
2226 3197 2666 3263 testimonium

344 3304 528 3385 quasi
568 3302 849 3370 fulcrum
874 3303 1163 3369 accedit:
1207 3295 1502 3389 ἐκφάγω]
1530 3296 1647 3366 ἐὰν
1689 3297 1775 3387 μή
1820 3319 1890 3367 σε
1927 3309 2382 3369 καταναλωσω
2422 3304 2530 3368 καὶ
2565 3301 2664 3368 ἐν·

340 3404 524 3489 βάλω
567 3407 642 3473 ἐκ
681 3401 924 3495 ταύτης
967 3416 1083 3495 τῆς
1121 3410 1233 3494 γῆς
1274 3408 1382 3472 καὶ
1426 3401 1671 3487 διώξω.

544 3514 755 3581 Multo
843 3515 1077 3595 enique
1121 3513 1385 3581 brevius
1427 3514 1509 3582 de
1568 3532 1763 3582 versu
1818 3519 1895 3580 79
1941 3514 2275 3598 disputare
2318 3514 2510 3595 licet;
2555 3515 2666 3581 ubi

341 3642 425 3689 ex
467 3619 799 3688 sententia
848 3620 993 3703 ipsa
1036 3621 1343 3688 momenti
1400 3622 1496 3689 nil
1550 3620 1690 3705 peti
1749 3625 1969 3704 potest
2021 3622 2107 3690 ad
2168 3620 2663 3702 diiudicandum,

339 3731 558 3794 utrum
614 3726 1025 3796 Ravennatis
1079 3728 1278 3796 lectio
1335 3722 1373 3795 ὁ
1430 3734 1596 3807 νοῦς
1653 3724 1710 3794 δ’
1763 3747 1847 3796 an
1902 3732 1943 3808 β
2001 3727 2240 3796 codicis
2297 3721 2336 3792 ὁ
2398 3727 2470 3792 δὲ
2511 3728 2670 3803 νοῦς

339 3834 780 3918 Aristophane
828 3835 1086 3919 dignior
1146 3836 1252 3903 sit.
1372 3835 1945 3904 consentientibus
2015 3840 2237 3904 autem
2311 3853 2457 3901 eum
2511 3838 2553 3914 β
2599 3838 2669 3900 et

341 3942 695 4010 Plutarcho
752 3942 1008 4028 (Moral.
1070 3950 1193 4011 517
1259 3945 1329 4032 α)
1384 3950 1453 4012 et
1487 3943 1842 4011 Eustathio
1902 3953 1990 4026 (p.
2040 3943 2323 4030 311,23),
2368 3942 2552 4008 illum
2595 3960 2668 4006 re

341 4068 500 4118 vera
537 4055 774 4133 poetae
816 4070 1076 4118 manum
1125 4070 1547 4119 conservasse
1590 4055 2096 4118 consentaneum
2135 4053 2257 4116 est.

553 4154 682 4222 Sed
722 4157 886 4223 satis
923 4158 1088 4223 haec
1145 4156 1326 4223 dicta
1388 4163 1543 4223 sunt
1583 4158 1666 4224 de
1700 4158 1795 4224 eis
1835 4156 2246 4225 Ravennatis
2303 4155 2664 4239 scripturis,

345 4278 513 4341 quae
552 4263 863 4342 patronos
906 4263 1079 4331 iusto
1122 4263 1596 4346 pertinaciores
1638 4269 1920 4333 nanctae
1963 4271 2137 4333 sunt.
