3015 4740
2653 8 2964 235 ὝἾ

1337 349 1764 413 ...38—

391 520 479 590 ad
518 537 583 591 v.
627 525 755 588 868
851 515 1020 587 ἀλλὰ
1083 516 1163 586 σὺ
1225 496 1372 606 γάΰ
1406 513 1523 594 τὸς

389 620 465 693 ἐκ
498 625 642 695 τῶν
679 626 1064 717 κρεμαστῶν
1092 614 1400 710 δηλονότι
1423 642 1522 687 τε·
1575 615 1650 684 ἐκ
1690 621 1832 688 τῶν
1872 625 2260 708 κρεμαστῶν
2283 618 2594 710 δηλονότι
2616 651 2718 693 τε-

386 725 808 821 imme*
776 751 908 817 ειης
947 723 1045 795 αέὶ
1102 715 1520 814 κρεμάμενος.
1571 723 1997 810 τριμμένος”
1966 750 2098 812 ειης
2140 720 2238 793 άεὶ
2291 721 2715 814 κρεμάμενος.
2961 738 2964 777 1

388 829 556 917 λέγει
598 830 671 896 δὲ
711 834 855 901 τῶν
897 823 1203 917 ὀργάνων
1242 832 1386 897 τῶν
1444 850 1515 891 α-
1573 823 1740 910 λέγει
1782 826 1854 892 δὲ
1908 829 2050 916 τῶν
2090 822 2398 914 ὀργάνων
2439 834 2582 898 τῶν
2640 829 2715 897 οἷ-

387 934 847 1020 στρονομικῶν
884 935 992 999 καὶ
1038 934 1515 1021 γεωμετρικῶν.
1571 932 2030 1013 στρονομικῶν
2076 934 2182 997 καὶ
2228 942 2712 1021 γεωμετρικῶν.

385 1034 733 1122 κρέμαθρα
799 1031 923 1122 γὰρ
974 1060 1047 1102 εν
1105 1040 1205 1124 τῷ
1251 1059 1518 1158 φροντι·
1569 1031 1915 1117 κρέμα-θρα
1949 1031 2072 1120 γὰρ
2093 1034 2165 1101 ἐν
2184 1040 2284 1123 τῷ
2316 1056 2709 1125 φροντιστη-

385 1138 627 1227 στηρὶῳ
656 1131 992 1227 γράφεται,
1024 1137 1161 1206 ἐπεὶ
1184 1134 1386 1216 αὐτὸς
1410 1137 1517 1203 ἐπὶ
1570 1130 1692 1217 ρὶῳ
1730 1127 2094 1219 φράφεται,
2152 1136 2288 1204 ἐπεὶ
2345 1133 2545 1219 άυτὸς
2600 1140 2710 1207 ἐπὶ

383 1234 760 1328 κρεμάθρας
798 1230 898 1333 ἦν.
1569 1228 1947 1322 κρεμάθρας
1988 1239 2088 1324 ἦν.

381 1361 469 1431 ad
504 1379 567 1431 v.
613 1368 737 1429 963
782 1358 1071 1442 ἑστῶτας
1110 1359 1281 1448 πρὸς
1319 1356 1397 1426 τὸ
1431 1356 1517 1447 μὴ
1569 1350 1855 1435 εστῶτας
1894 1355 2065 1443 πρὸς
2107 1354 2183 1425 τὸ
2225 1356 2310 1447 μὴ
2333 1361 2586 1439 θλίβειν
2625 1355 2709 1428 τὸ

378 1462 632 1542 θλίβειν
674 1458 755 1531 τὸ
792 1455 1058 1549 μόριον,
1101 1461 1518 1545 ἐκθλίβοντες
1568 1455 1837 1546 μόριον,
1884 1458 2300 1541 ἐκθλίβοντες
2352 1460 2434 1527 τὰ
2489 1465 2710 1532 αἰδοῖα

378 1557 464 1628 τὰ
505 1564 724 1630 αἰδοῖα
765 1564 839 1633 ἐκ
878 1569 1000 1635 τοῦ
1044 1567 1334 1655 συνέχειν
1362 1561 1519 1644 τούς
1572 1560 1645 1626 ἐκ
1686 1565 1808 1628 τοῦ
1854 1563 2140 1649 συνεχείν
2184 1562 2343 1644 τοὺς
2381 1560 2648 1653 μηρούς-

376 1689 643 1754 μηθθυς·

379 1786 465 1852 ad
506 1803 568 1852 V.
615 1791 740 1853 966
800 1782 1143 1876 κάμψειεν]
1188 1782 1337 1854 άντὶ
1391 1766 1515 1854 τοῦ
1569 1774 1814 1868 κάμψει
1855 1785 1954 1873 εν]
2004 1779 2150 1851 α’ντὶ
2192 1789 2314 1852 τοῦ
2368 1785 2424 1851 ἐι
2466 1811 2703 1875 κακοη-

302 1966 306 1971 ,
379 1888 436 1953 εἰ
451 1883 967 1973 κακοηθευσοιτο
992 1892 1392 1975 κεκλασμένη
1434 1895 1514 1975 τῇ
1563 1879 1891 1952 θεύσοιτο.
1932 1889 2330 1973 κεκλασμένη
2378 1893 2457 1973 τῇ
2509 1893 2707 1976 φωνῇ

378 1995 572 2077 φωνῇ
609 1987 728 2078 τὴν
774 1987 956 2078 ω’δὴν
990 1993 1474 2078 προενέγκοιτο.
1564 1984 1682 2074 τὴν
1728 1983 1977 2074 φ’δὴν’
1934 1992 2368 2077 ανενέγκοιτο,
2411 1988 2556 2057 οἷον
2590 2018 2702 2058 κα-

379 2095 520 2185 (Sic,
563 2100 747 2162 recte
788 2095 876 2162 M.
1563 2084 1937 2175 ταισχύνων
1978 2096 2091 2180 τῆς
2130 2097 2373 2181 φωνῆς.

364 2214 463 2282 ‚ad
503 2232 563 2283 v,
610 2220 775 2282 1079
815 2264 830 2280 .
880 2265 895 2281 .
941 2264 959 2282 .
1001 2264 1017 2282 .
1063 2216 1317 2302 τέφραν
1357 2223 1509 2303 θερ-
1609 2258 1625 2276 .
1673 2260 1689 2276 .
1736 2259 1751 2274 .
1799 2265 1814 2278 .
1861 2213 2114 2301 τέφραν
2155 2209 2421 2300 θερμήν.

376 2313 504 2407 μὴν
531 2317 734 2405 (quod
756 2317 993 2386 Suidas
1003 2319 1262 2388 inverso
1283 2319 1507 2388 ordine

376 2425 534 2504 apte
572 2421 908 2501 servavit.)

372 2541 460 2608 ad
500 2557 560 2608 v.
610 2545 777 2607 1018
825 2528 1020 2622 οὗτος
1070 2535 1164 2619 ῶς
1205 2541 1511 2619 Κίναιᾶος
1562 2559 1757 2614 ουτος
1778 2531 1872 2614 ὡς
1902 2538 2191 2616 κίναιδος
2220 2540 2328 2604 καὶ
2364 2533 2695 2624 εὔμορφος

375 2644 485 2710 καὶ
566 2637 899 2730 εὔμορφος
959 2645 1068 2712 καὶ
1129 2641 1510 2731 θηλυμανὴς
1561 2641 1668 2704 καὶ
1714 2635 2092 2726 θηλυμανὴς
2127 2642 2561 2727 κῳμωδεῑται,

373 2745 809 2832 κωμῳδεῖται.

377 2864 464 2935 ad
477 2882 540 2934 V.
570 2870 734 2934 1255
753 2859 1505 2951 λιταργισμοὺςέκάλουν
1559 2859 2019 2948 λιταργισμούς
2058 2859 2341 2928 ἐκάλουν
2384 2860 2468 2930 τὰ
2520 2881 2691 2950 σκιρ-

373 2962 460 3034 τὰ
472 2957 891 3052 σκιρτήματα.
913 2964 1315 3053 ἀποδραμῆς,
1341 2962 1501 3036 άπο-
1556 2959 1824 3051 τίματα.
1897 2961 2246 3051 άποδραμῇ
2301 2961 2693 3053 ἀποσκιρτή-

375 3060 735 3156 σκιρτήσεις
776 3061 909 3134 άπὸ
951 3071 1065 3154 τῆς
1104 3063 1319 3156 θύρας
1368 3065 1505 3137 ἔστι
1558 3085 1703 3146 σεις,
1743 3070 2102 3155 καταλείψῃ
2147 3064 2284 3134 ἀπὸ
2308 3072 2422 3154 τῆς
2456 3061 2690 3153 θύρας.

375 3169 451 3239 ὁὸ
490 3164 532 3259 ἦ
585 3168 756 3251 λέξις
803 3163 849 3258 ἦ
903 3166 1038 3237 άπὸ
1095 3174 1219 3239 τοῦ
1273 3169 1502 3260 α’ργοῦ,
1554 3163 1696 3250 ἵης
1751 3170 1925 3238 ἐστὶν
1976 3165 2015 3258 ἣ
2065 3172 2225 3258 λίτη.
2292 3165 2334 3257 ἢ
2386 3166 2522 3237 άπὸ
2571 3159 2695 3236 τοῦ

378 3267 417 3340 ὅ
455 3279 647 3362 σηλοτ
681 3269 761 3341 τὸ
797 3272 964 3361 ταχὺ
1008 3277 1115 3342 καὶ
1151 3270 1235 3342 τό
1296 3270 1502 3342 λάκον
1556 3269 1783 3359 α’ργοῦ,
1825 3266 1867 3339 ὅ
1906 3274 2098 3360 δηλοῖ
2143 3267 2306 3360 τάχυ
2350 3276 2458 3340 καὶ
2505 3269 2583 3339 τὸ
2636 3278 2701 3338 λι

377 3370 462 3442 οὐ
484 3378 734 3462 ταχέως
759 3365 880 3448 οὖν
914 3378 1111 3465 φησὶν
1133 3372 1500 3466 ἄποδραμῇ.
1560 3388 1724 3444 πεῖν.
1751 3370 1838 3442 ov’
1852 3378 2103 3463 ταχέως
2124 3366 2246 3445 οὖν
2270 3378 2465 3464 φησὶν
2490 3370 2692 3442 α’ποὸ-

1557 3481 1745 3568 must·

571 3625 987 3694 Amhrosiani
1052 3626 1205 3695 libri
1247 3628 1464 3712 specie
1505 3635 1577 3700 et
1630 3628 1851 3698 indole
1917 3629 2082 3697 satis
2137 3627 2527 3697 adumbrata
2592 3627 2681 3694 ad

371 3733 887 3804 Laurentianum
925 3737 986 3800 Δ
1034 3735 1477 3816 procedamus.
1575 3737 1768 3804 Hunc
1806 3736 2240 3804 Laurentiani
2284 3740 2339 3802 Θ
2353 3785 2370 3820 ,
2415 3739 2494 3802 ut
2537 3735 2693 3803 Vel-

373 3844 551 3911 senio
592 3843 804 3912 visum
846 3845 952 3907 est
989 3843 1434 3926 apographum
1478 3861 1626 3912 esse
1668 3862 1813 3911 eam
1857 3844 1940 3910 ob
1977 3861 2117 3909 rem
2147 3860 2277 3909 non
2298 3846 2520 3925 potest
2565 3860 2695 3910 non

372 3949 637 4034 negari,
671 3949 848 4044 ‚quia
890 3947 1132 4016 codicis
1168 3952 1224 4017 Θ
1266 3953 1546 4034 peccata
1580 3971 1624 4020 a
1664 3956 1727 4016 Δ
1765 3967 2029 4034 prorsus
2067 3950 2309 4016 absunt
2353 3947 2436 4015 of.
2481 3968 2543 4016 v.
2592 3954 2691 4015 74.

375 4059 520 4127 244.
563 4063 707 4123 293.
753 4063 888 4125 299.
943 4062 1089 4125 397.
1131 4062 1276 4125 615.
1321 4061 1466 4126 654.
1515 4062 1664 4129 658.
1714 4064 1861 4125 672.
1924 4063 2071 4124 673.
2132 4059 2276 4126 789.
2333 4059 2479 4123 934.
2547 4061 2691 4122 973.

375 4168 523 4231 981.
578 4167 764 4232 1004.
828 4170 1011 4233 1116.
1074 4168 1261 4232 1124.
1312 4170 1497 4232 1126.
1543 4169 1732 4232 1169.
1783 4167 1971 4231 1194.
2022 4169 2208 4230 1305.
2260 4168 2446 4230 1328.
2497 4166 2689 4229 1353.

378 4270 568 4335 1361.
616 4269 801 4334 1379.
861 4274 1047 4338 1389.
1094 4275 1282 4341 1398.
1325 4272 1518 4338 1496.
1571 4272 1757 4337 1416.
1799 4273 1985 4337 1429.
2033 4271 2220 4335 1440.
2273 4272 2458 4335 1458.
2507 4271 2691 4336 1496.
2948 4231 2950 4324 1

376 4373 567 4441 1499.
633 4373 823 4441 1505.
896 4375 1084 4443 1507.
1209 4372 1313 4444 Ne
1387 4371 1598 4445 artior
1667 4371 1927 4457 quidem
2001 4369 2454 4458 propinquitas
2516 4368 2693 4437 inter
