3015 4740
1307 326 1734 406 -ff-

356 522 439 572 ex
478 500 920 589 Etymologici
944 494 1173 587 Mag-ni
1216 505 1618 572 auctoritate
1658 504 1732 571 in
1749 492 2053 571 trimetro
2091 484 2369 572 'iambico
2412 504 2678 572 restituss

352 616 495 678 tum
528 616 678 694 est‚'
716 601 964 679 nullam
1007 611 1260 677 omnino
1295 612 1497 676 habet
1541 611 2030 678 similitudinem
2066 630 2211 678 cum
2252 616 2475 680 nostro
2513 610 2674 693 loc0,
2729 645 2735 651 ·

359 718 520 798 quia
560 714 655 784 ibi
688 717 1168 800 Aristophanes
1207 717 1411 784 dorici
1455 717 1761 783 carminis
1791 717 2073 798 aliq-uem
2097 702 2488 785 versiculum
2509 718 2675 784 ludi-

367 825 608 892 ficandi
651 836 851 891 causa
878 814 1125 891 adfert.
1214 823 1602 891 RectissimO
1648 828 1868 893 autem
1919 825 1989 890 in
2029 824 2223 892 Pacis
2266 830 2482 894 versu
2511 830 2676 892 1076
2724 838 2732 846 ·

353 936 554 1014 poeta
593 931 866 998 eandem
916 932 1319 998 oraculorum
1357 931 1708 1025 dictionem
1747 932 2100 1001 solemnem
2128 926 2558 1015 expressurus
2587 932 2680 997 10-

353 1043 543 1106 cutus
582 1041 721 1104 est:
801 1033 886 1104 ου’
949 1031 1074 1123 γάρ
1117 1062 1228 1104 πω
1267 1033 1447 1104 τοῦτ’
1491 1037 1627 1103 ἐστὶ
1668 1040 1864 1121 φίλον
1902 1033 2257 1123 μακάρεσσι
2297 1042 2551 1104 θεοῖσιν
2633 1041 2643 1122 Ι

362 1144 761 1227 φυλοπίδος,
827 1145 1030 1231 λῆξαί
1069 1145 1228 1230 πρίν
1271 1168 1386 1212 κεν
1430 1140 1631 1226 λύκος
1672 1140 1775 1210 οἶν
1809 1139 2127 1229 ὑμεναιοῖ.
2254 1144 2400 1227 Qua
2466 1162 2539 1209 re
2604 1160 2679 1208 eo

354 1268 625 1333 quoque,
701 1251 783 1317 de
870 1270 994 1332 quo
1070 1251 1330 1334 agitur,
1423 1269 1619 1319 versu
1687 1251 2141 1380 Ravennatem
2208 1251 2433 1318 valere
2484 1250 2680 1315 iube-

357 1374 560 1424 amus.

565 1463 660 1528 Et
694 1462 1006 1545 1116111,ῃί
1042 1463 1273 1545 fallor,
1328 1480 1529 1530 versu
1575 1468 1703 1529 272
1762 1461 2070 1529 iudicium
2129 1461 2502 1529 faciendum
2555 1464 2678 1541 est,

352 1569 873 1650 quandoquidem
925 1569 1166 1637 codicis
1231 1573 1272 1648 β
1326 1571 1525 1636 160110
1581 1565 1751 1655 πρὸς
1807 1570 2035 1646 σκέλος
2102 1571 2226 1646 (Rz
2284 1566 2362 1635 τὸ
2423 1569 2692 1648 σκέλος)

354 1668 564 1741 etiam
621 1674 1023 1742 scholiastae
1087 1675 1460 1743 testimonio
1517 1675 1828 1741 fulcitur:
1909 1670 2264 1761 κυρηβάσει
2320 1676 2682 1760 κυρηβασία

349 1780 601 1867 λέγεται
656 1773 698 1866 ἣ
772 1777 882 1845 διὰ
952 1784 1093 1847 τῶν
1161 1776 1462 1868 κεράτων
1536 1775 1736 1867 μάχη,
1798 1774 2018 1858 ἄλλως
2071 1778 2241 1866 πρὸς
2312 1776 2392 1846 τὸ
2451 1780 2682 1857 σκέλος

356 1879 626 1974 μάχεται
667 1879 708 1972 ἢ
750 1886 1162 1954 διαπεσεῖται.

557 1991 799 2057 Similis
841 1992 1077 2059 deinde
1118 1992 1437 2059 editorum
1467 2004 1649 2058 error
1678 2011 1741 2060 v.
1792 1996 1919 2059 274
1949 1994 2140 2076 latet,
2181 1992 2253 2057 in
2298 2009 2422 2072 quo
2475 2012 2670 2056 κατα-

352 2097 619 2183 στρέφει
658 2116 741 2163 ex
785 2107 833 2163 R
893 2101 976 2166 ab
1036 2100 1331 2166 omnibus
1385 2104 1724 2181 receptum
1784 2118 1927 2166 esse
1976 2118 2190 2165 cerno,
2236 2099 2333 2186 (in
2373 2097 2597 2165 codice
2639 2100 2681 2176 β

354 2205 826 2290 καταστρέφεις
867 2207 1260 2289 exhibetur.)
1345 2207 1663 2273 Momenti
1705 2207 1859 2288 quid
1902 2226 2093 2287 quam
2136 2206 2381 2273 talibus
2436 2206 2505 2271 in
2551 2205 2679 2271 dis-

350 2311 707 2395 crepantiis
768 2331 964 2380 nemo
1029 2315 1314 2396 prudens
1373 2313 1630 2381 scilicet
1686 2313 1871 2380 libris
1912 2312 2371 2396 manuscriptis
2414 2313 2681 2378 tribuet.

357 2420 705 2487 Sententia
748 2419 893 2502 ipsa
933 2419 1111 2487 inter:
1153 2425 1495 2500 utramque
1536 2420 1869 2486 lectionen
1930 2420 2060 2486 erit
2115 2420 2302 2500 quasi
2355 2420 2677 2501 discepta-

359 2527 493 2593 trix
537 2531 606 2593 et
646 2527 858 2596 iudex.
948 2527 1119 2610 Quid
1155 2546 1310 2611 ergo
1354 2527 1541 2595 valet
1580 2527 2063 2612 καταστρέφειὶ)
2103 2528 2503 2595 Ribbeckius
2544 2527 2680 2607 qui-

358 2634 541 2716 dem,
601 2633 710 2714 qui
750 2633 1005 2717 vertit,
1080 2635 1243 2717 „der
1292 2634 1398 2701 die
1458 2634 1657 2701 Stadt
1715 2634 1880 2701 doch
1936 2634 2162 2700 immer
2218 2635 2420 2717 prellt
2435 2640 2491 2716 ,“
2550 2652 2680 2698 non

361 2740 628 2808 dubium
671 2745 774 2807 est
818 2741 974 2821 quin
1019 2743 1218 2810 alium
1261 2745 1460 2823 atque
1498 2742 1714 2807 inesse
1759 2746 1983 2824 potest
2033 2760 2291 2808 sensum
2332 2741 2680 2809 induxerit.

357 2846 430 2913 Si
470 2851 692 2913 autem
751 2848 820 2913 id
874 2850 1044 2929 quod
1102 2850 1310 2917 solum
1371 2850 1939 2934 καταστρέφεσθαι
2000 2849 2359 2932 significat,
2420 2853 2682 2931 „unter-

358 2954 644 3021 werfen“
689 2955 983 3035 ponimus
1000 3006 1016 3039 ,
1077 2976 1179 3023 me
1223 2956 1437 3022 iudice
1482 2956 1692 3022 oratio
1733 2956 1900 3021 satis
1958 2956 2271 3039 languida
2327 2960 2400 3022 et
2457 2954 2683 3035 inepta

357 3059 672 3126 redditur.
760 3059 987 3139 Neque
1027 3062 1195 3127 enim
1240 3062 1584 3145 subigendi
1599 3112 1615 3145 ,
1660 3062 1776 3128 'sed
1815 3063 2242 3143 perturbandi
2297 3061 2682 3129 vocabulum

360 3166 668 3248 poscitur.
794 3166 1069 3233 Prorsus
1151 3169 1424 3234 eandem
1499 3168 1897 3234 sententiam
1964 3171 2197 3235 chorus
2256 3169 2474 3250 paullo
2534 3171 2683 3248 post

360 3274 451 3360 (v.
503 3273 657 3357 304)
701 3271 782 3337 de
825 3273 1051 3339 eodem
1097 3273 1338 3340 Cleone
1380 3274 1801 3356 pronuntiat:

447 3367 505 3443 ὦ
546 3380 735 3463 μιαρὲ
773 3380 881 3444 καὶ
920 3381 1191 3467 βδελυρὲ
1231 3383 1484 3468 κρᾶκτα
1524 3383 1647 3447 τοῦ
1691 3383 1816 3446 σοῦ
1853 3375 2147 3466 θράσους

451 3489 632 3551 πᾶσα
674 3484 793 3569 μὲν
834 3489 912 3572 γῆ
942 3489 1142 3571 πλέα,
1186 3490 1364 3554 πᾶσα
1410 3487 1794 3574 δ’ἐκκλησία,
1837 3488 1943 3553 καὶ
1982 3489 2135 3575 τέλη

446 3592 554 3656 καὶ
595 3593 842 3677 γραφαὶ
897 3596 1005 3659 καὶ
1061 3586 1434 3681 δικαστήρι’,
1482 3582 1540 3659 οὗ
1601 3588 2124 3681 βορβοροτάραξι
2167 3596 2288 3661 καὶ.
2322 3591 2442 3682 τὴν
2485 3589 2683 3661 πόλιν

443 3689 713 3765 ἅπασαν
755 3690 942 3783 ἡμῶν
986 3694 1539 3786 ἀνατετυρβακώς
1579 3724 1715 3767 κτα.

571 3803 756 3885 Quae
818 3821 965 3875 cum
1021 3805 1120 3873 ita
1188 3806 1321 3873 sint
1336 3858 1352 3890 ‚
1415 3807 1522 3873 hic
1591 3808 2067 3891 καταστρέφειν
2141 3810 2310 3890 quod
2372 3805 2682 3873 turbandi

358 3908 563 3975 habet
602 3908 1164 3995 significationem,
1205 3912 1703 3994 praeferendum
1746 3915 1849 3979 est

310 4102 319 4107 -
575 4013 985 4083 Consimilem
1023 4018 1225 4085 etiam
1256 4037 1455 4087 versu
1490 4021 1626 4085 ²357
1668 4020 1995 4099 sequimur
2055 4017 2464 4087 sententiam.
2553 4018 2681 4085 Hic

360 4119 491 4186 etsi
532 4138 652 4202 per
695 4140 765 4187 se
807 4129 1017 4205 neque
1059 4123 1468 4194 Ravennatis
1512 4125 1709 4191 lectio
1768 4120 2109 4206 (ἐπιπιοὸν)
2164 4139 2372 4203 neque
2426 4123 2668 4189 codicis

358 4227 402 4303 β
460 4220 771 4314 (ἐκπιών)
822 4232 1388 4313 reprehensionem
1459 4233 1663 4300 ullam
1716 4234 1919 4299 habet
1933 4282 1948 4311 ,
2007 4231 2387 4315 diligentius
2440 4237 2682 4300 tamen·

360 4336 706 4413 utramque
769 4338 1244 4422 examinantes,
1291 4357 1366 4406 ee
1402 4340 1803 4406 adducemur
1820 4386 1837 4419 ‚
1899 4343 1982 4402 ut
2046 4331 2296 4404 ἐκπιών
2339 4340 2682 4419 probemus
