3015 4740
355 480 574 550 verbis
616 479 927 547 botularii
976 477 1186 562 magis
1243 477 1626 561 vulgaribus
1688 480 1757 544 et
1814 475 2078 543 rusticis
2142 477 2353 561 excipi
2417 479 2682 547 soleant
2959 564 2962 579 A*

356 590 665 657 videntur
706 593 930 655 nostro
968 605 1217 668 quoque
1266 587 1411 652 loco
1449 585 1718 653 vocibus
1754 584 2210 673 διαπρισθείην
2255 587 2682 673 διατμηθείην
2955 598 2962 945 l

354 719 426 764 τε
460 695 793 779 aptissime
832 694 1224 776 respondere
1255 693 1693 778 κατατμηθεὶς
1714 695 1782 756 et
1807 693 2342 779 κατακνησθείην.
2432 693 2683 760 Tamen

354 822 439 870 ne
481 804 633 870 hinc
675 803 932 884 quidem
971 799 1279 866 iudicium
1322 804 1618 867 nostrum
1662 799 1922 881 pendet.
1984 838 2060 845 —
2108 799 2385 885 Versus,
2423 801 2532 882 qui
2573 807 2680 869 est

352 912 423 979 in
465 911 857 979 editionibus
900 907 1517 992 septingentesimus
1552 906 1900 995 vicesimus
1945 907 2260 989 septimus
2304 927 2387 974 ex
2409 908 2671 976 Raven-

355 1019 532 1086 natis
581 1016 1007 1088 auctoritate.

851 1121 1076 1204 ἔξελθε
1120 1116 1202 1188 ἵν’
1246 1122 1445 1206 εἰδῇς,
1492 1115 1602 1186 οἶα
1647 1121 2156 1207 περιυβρίζομαι,

354 1231 423 1297 in
463 1230 683 1297 codice
726 1232 768 1310 β
809 1233 958 1312 post
999 1245 1260 1297 versum
1291 1234 1413 1295 '729
1464 1228 1842 1294 collocatur.
1934 1228 2117 1309 Quae
2145 1228 2454 1296 versiculi
2487 1229 2677 1296 sedes

355 1356 743 1418 quamquam
784 1337 981 1405 valde
1025 1336 1357 1419 displicuit
1422 1335 1806 1417 editoribuS,
1880 1334 2039 1401 mihi
2096 1334 2353 1415 quidem
2395 1335 2676 1403 maxime

355 1445 619 1512 videtur
661 1443 896 1509 idonea
938 1460 1102 1508 esse.
1193 1442 1413 1523 Atque
1453 1442 1745 1509 breviter
1790 1441 2189 1508 sententiam
2227 1459 2438 1508 meam
2473 1443 2674 1523 expli-

357 1553 536 1619 cabo.
628 1551 829 1616 Cleon
869 1550 1040 1616 enim
1085 1552 1154 1615 et
1198 1549 1559 1616 botularius
1600 1550 1963 1616 clamantes
1979 1599 1995 1633 ,
2040 1552 2118 1614 ut
2159 1548 2444 1632 Populus
2488 1551 2675 1615 domo

356 1660 799 1749 egrederetur,
845 1660 1124 1725 orabant

446 1755 503 1832 ὦ
534 1768 734 1852 ’Δημε,
779 1760 954 1851 δεῦρ’
994 1765 1237 1844 ἔξελθε.
1284 1765 1488 1830 ΑΛΛ.
1533 1760 1613 1850 νὴ
1660 1758 1776 1845 Δί’,
1825 1751 1884 1827 ὦ
1926 1755 2135 1849 πάτερ
2181 1761 2403 1843 ἔξελθε
2449 1764 2582 1849 δῆτ.

562 1872 729 1939 Tum
768 1871 989 1953 Cleon,
1037 1871 1207 1950 quod
1249 1876 1623 1953 rogaverat,
1669 1868 1972 1934 blandius
2011 1875 2312 1950 repetere
2359 1868 2607 1952 coepit:

1074 1967 1131 2043 ὦ
1166 1978 1495 2063 Δημίδιον,
1534 1966 1591 2042 ὦ
1624 1977 1959 2059 φίλτατον.

470 2076 475 2083 ’
563 2085 757 2153 Cuius
803 2086 1007 2152 verba
1049 2084 1335 2166 Populus
1380 2084 1662 2151 clamore
1706 2082 1929 2151 audito
1969 2085 2181 2149 adhuc
2203 2082 2385 2149 intra
2416 2083 2677 2150 domum

355 2198 646 2263 moratus
689 2194 783 2260 sic
826 2192 1243 2276 interrumpit
1260 2217 1281 2254 .-

712 2303 880 2379 τίνες
925 2298 986 2365 οἱ
1023 2302 1346 2381 βοωντεςς
1393 2294 1520 2365 οὐκ
1563 2291 1739 2364 ἄπιτ’
1776 2292 1911 2363 ἀπὸ
1954 2299 2067 2385 τῆς
2108 2290 2325 2386 θύρας

705 2406 827 2496 τὴν
867 2402 1244 2495 εἰρεσιώνην
1287 2431 1416 2493 μου
1458 2401 2012 2494 κατεσπαράξατε.

555 2516 805 2582 Iterum
845 2515 1079 2581 deinde
1124 2515 1325 2581 Cleon
1341 2565 1358 2600 ,
1419 2516 1574 2596 quia
1630 2515 1912 2581 nondum
1955 2514 2239 2595 Populus
2282 2513 2664 2594 comparuit,

348 2627 695 2707 precatur:

894 2726 1088 2807 ἔξελθ
1134 2722 1216 2793 ἵν’
1251 2727 1437 2812 εἰδῇς,
1481 2723 1590 2793 οἶα
1632 2728 2139 2813 περιυβρίζομαι.

356 2837 523 2902 Tum
565 2836 819 2902 demum
860 2834 974 2900 ille
1012 2834 1082 2901 in
1102 2834 1428 2916 publicum
1449 2853 1831 2918 progressus
1861 2835 1947 2901 ad
1976 2834 2421 2918 Paphlagonis
2462 2836 2666 2903 verba

350 2942 732 3025 respondet:

991 3047 1089 3124 τίς
1133 3035 1191 3113 ὦ
1228 3043 1630 3133 Παφλαγών,
1673 3041 1888 3114 ἀδικεῖ
1926 3067 2027 3130 σε;

557 3155 704 3222 Hac
769 3152 976 3236 igitur
1039 3172 1343 3223 versuum
1407 3155 1836 3223 collocatione
1898 3159 2176 3238 probata
2238 3159 2437 3240 plana
2511 3159 2665 3221 sunt
2763 3213 2770 3221 .

353 3263 586 3332 omnia.
672 3260 917 3327 Contra
962 3261 1090 3328 etsi
1127 3264 1349 3346 talem,
1395 3263 1607 3344 qualis
1648 3263 1717 3328 in
1762 3265 1827 3327 R
1863 3263 2039 3330 inest
2057 3316 2072 3347 ,
2129 3264 2417 3333 ordinem
2461 3263 2658 3329 omni·

352 3390 436 3438 no
478 3369 725 3435 reicere
763 3386 1025 3450 vereor,
1078 3373 1300 3436 tamen
1344 3371 1689 3451 confiteor,
1752 3369 1820 3435 id
1858 3372 2028 3436 male
2068 3390 2170 3437 me
2216 3373 2447 3454 habet,
2494 3372 2665 3451 quod

361 3483 510 3560 post
552 3491 813 3542 versum
861 3480 983 3540 729
1030 3474 1263 3556 Populi
1305 3476 1548 3543 verba:
1595 3477 1709 3559 τίς,
1748 3464 1806 3540 ὦ
1840 3474 2243 3563 Παφλαγών,
2315 3471 2531 3543 α’δικεῑ
2563 3493 2662 3556 σε;

349 3585 615 3668 praeter
652 3581 1206 3660 exspectationem
1250 3582 1503 3665 legenti
1546 3587 1913 3650 occurrunt.
1973 3583 2133 3650 Cum
2155 3567 2347 3651 'enim
2379 3584 2664 3667 Populus

350 3693 418 3760 id
462 3687 631 3771 quod
669 3688 861 3769 patet
904 3705 987 3752 ex
1027 3687 1273 3755 verbis:
1338 3690 1509 3769 τίνες
1552 3687 1614 3756 οἱ
1659 3694 1957 3771 βοῶντες
1999 3694 2201 3758 antea
2259 3690 2423 3756 nihil
2484 3690 2663 3756 audi-

350 3796 526 3869 verit
596 3790 723 3859 nisi
765 3791 1129 3875 clamorem,
1205 3794 1379 3860 unde
1395 3845 1411 3877 ,
1478 3815 1754 3880 quaeso,
1820 3796 2123 3862 iniuriam
2166 3794 2398 3889 inferri
2439 3795 2664 3862 Cleoni

353 3903 581 3973 statim
629 3898 796 3966 scire
839 3899 1102 3979 potuit?

552 4007 734 4074 Nihil
777 4004 1009 4072 deinde
1050 4024 1113 4075 v.
1135 4012 1281 4074 880.
1322 4025 1443 4089 per
1475 4007 1873 4076 sententiam
1913 4007 2211 4090 interest,
2253 4010 2472 4074 utrum
2517 4026 2662 4073 cum

351 4113 416 4182 R
453 4114 767 4200 γένοιντοξ
810 4131 897 4179 an
930 4129 1084 4177 cum
1128 4114 1170 4191 β
1211 4114 1540 4197 γένωνται
1587 4114 1900 4197 legamus,
2011 4113 2423 4183 Coniunctivi
2491 4114 2663 4181 enim

346 4223 496 4305 post
534 4222 791 4297 tempus
832 4216 1259 4298 praeteritum
1300 4237 1456 4284 usus
1499 4220 1755 4286 omnino
1793 4220 1900 4286 hic
1940 4219 2272 4301 legitimus
2313 4225 2451 4304 est,
2510 4221 2662 4300 quia

348 4321 677 4396 enuntiati
717 4324 1083 4390 secundarii
1133 4325 1307 4390 actio
1350 4327 1684 4406 perdurat.
1804 4325 1897 4389 Et
1953 4328 2222 4409 saepius
2275 4329 2362 4393 ab
2409 4327 2661 4413 Aristo-
