3015 4740
1285 194 1715 258 ...44—

342 363 449 431 Ad
505 364 672 446 quod
735 383 885 431 nam
929 364 1315 432 vocabulum
1372 363 1936 446 interpretandum
1992 363 2243 431 affixa?
2329 366 2667 448 Nusquam

341 473 574 538 deinde
631 466 828 555 poeta
883 476 1023 540 tam
1063 473 1396 540 insolitum
1433 472 1819 539 monometri
1853 491 2038 538 usum
2078 472 2147 537 in
2182 473 2320 555 ipso
2366 476 2661 544 diverbio
2751 476 2766 487 “

338 581 517 647 inter
555 581 814 664 {medios
851 581 1183 649 trimetros
1226 581 1536 648 iambicos
1577 581 1701 647 sibi
1737 580 2030 646 indulsit.
2121 581 2386 648 Etenim
2420 602 2669 651 summa

337 687 575 754 iniuria
611 689 1126 755 Acharnensium
1176 707 1437 755 versum
1471 692 1598 754 406
1642 688 1770 755 viri
1808 688 1985 763 docti
2007 688 2076 753 in
2113 691 2666 773 comparationem

342 798 556 863 solent
597 797 983 879 adsciscere,
1030 796 1139 862 ubi
1179 800 1576 863 monometer
1596 815 1726 863 non
1744 797 1874 879 ipsi
1891 796 2180 865 diverbio
2204 798 2665 881 interponitur,

338 906 455 972 sed
490 904 821 987 Euripidis
848 903 1085 987 verbis,
1127 904 1500 986 priusquam
1539 905 1597 969 is
1639 905 1778 986 ipse
1817 905 1885 970 in
1910 923 2173 972 scenam
2195 906 2431 991 prodit,
2476 907 2666 987 quasi

338 1009 723 1093 praefigitur
760 1014 830 1075 et
869 1029 1078 1092 paene
1112 1030 1228 1094 pro
1262 1011 1719 1077 interiectione
1764 1012 2138 1078 adhibetur.

510 1117 647 1183 -De
696 1117 991 1185 versibus
1031 1125 1153 1185 237
1184 1169 1200 1202 ,
1255 1124 1458 1202 1208,
1506 1122 1706 1200 1232,
1754 1118 1864 1198 qui
1902 1119 2029 1200 ipsi
2072 1137 2322 1200 quoque
2365 1119 2452 1184 ad
2487 1120 2667 1185 hanc

338 1224 798 1307 disputationis
837 1231 1093 1308 partem
1132 1230 1455 1310 spectant,
1499 1225 1663 1292 nihil
1705 1226 1917 1292 habeo
1938 1280 1955 1311 ,
2007 1228 2176 1307 quod
2233 1226 2489 1293 utiliter
2525 1234 2667 1295 ’1110-

337 1353 546 1401 neam.
590 1373 671 1382 —
712 1333 941 1415 Docui,
985 1334 1042 1399 si
1078 1334 1232 1414 quid
1260 1339 1377 1400 aut
1419 1334 1489 1399 in
1532 1335 1596 1397 R
1639 1336 1756 1400 aut
1801 1334 1872 1400 in
1931 1334 1992 1397 V
2026 1335 2356 1418 singulare
2413 1336 2662 1417 reperi-

342 1446 513 1525 atur,
557 1441 626 1508 id
663 1460 1068 1522 nequaquam
1134 1460 1278 1507 esse
1320 1441 1810 1524 recipiendum„
1871 1444 2098 1523 Neque
2138 1443 2475 1523 quisquam
2514 1462 2667 1510 ean-

343 1550 489 1616 dem
525 1550 727 1616 multo
771 1549 982 1633 magis
1012 1548 1080 1615 in
1125 1554 1196 1615 X
1232 1549 1744 1637 codicessscedere
1782 1549 2349 1617 ratiocinationem
2369 1551 2665 1634 negabit.

349 1658 752 1741 Quamquam
807 1659 892 1724 ad
956 1657 1203 1725 scholia
1271 1657 1675 1724 emendanda
1743 1659 1853 1724 vel
1908 1658 2371 1741 locupletanda
2424 1659 2672 1742 singuli

340 1780 589 1847 quoque
619 1766 770 1831 libri
789 1766 1094 1833 audiendi
1111 1770 1284 1847 sunt,
1333 1764 1632 1846 quoniam
1664 1765 1807 1831 fieri
1837 1770 2075 1849 potest,
2124 1770 2193 1831 et
2217 1765 2659 1853 saepissime1)

341 1873 592 1940 factum
634 1878 756 1956 est,
796 1877 872 1937 111
895 1873 1154 1940 librarii
1185 1873 1300 1938 alii
1334 1872 1483 1939 aliis
1528 1873 1847 1954 copiosius
1891 1893 1971 1941 ea
1990 1893 2159 1992 quae
2195 1874 2264 1940 in
2303 1874 2665 1957 archetypo

297 1965 300 1967 Α
340 1981 660 2047 adnotata
705 1984 915 2063 erant,
963 1980 1406 2046 1161118861111611
1411 1985 1543 2045 ent

548 2086 875 2170 Sequitm,
918 2091 993 2152 ut
1034 2086 1453 2157 Ravennatis
1487 2087 1855 2168 Venetique
1903 2091 1970 2153 et
2012 2092 2085 2153 X
2124 2088 2415 2155 codicum
2439 2089 2668 2154 arche-

339 2196 502 2276 typa
545 2195 613 2280 (β
656 2199 725 2260 61
764 2220 803 2281 γ
849 2195 1092 2262 litteris
1138 2215 1217 2261 ea
1262 2214 1457 2278 supra
1503 2199 1733 2262 notavi
1786 2200 2239 2277 comparantes
2284 2196 2420 2261 utri
2458 2196 2667 2283 maior

340 2302 501 2369 fides
546 2304 956 2384 concedenda
1002 2304 1088 2369 sit
1132 2304 1484 2388 diligenter
1520 2322 2024 2387 compensemus,
2105 2303 2309 2387 Quod
2334 2309 2470 2369 tum
2493 2302 2667 2369 iuste

343 2416 411 2476 et
450 2412 755 2494 religiose
812 2414 1232 2494 instituetur,
1287 2414 1342 2479 si
1415 2433 1637 2479 earum
1705 2414 2247 2496 corruptelarum,
2310 2431 2476 2493 quae
2533 2431 2666 2478 non

340 2518 466 2584 nisi
496 2518 564 2584 in
602 2520 775 2585 alter
814 2525 962 2586 utro
1008 2521 1361 2603 exemplari
1406 2522 1649 2603 insunt,
1696 2539 1982 2586 seorsum
2021 2539 2331 2587 summam
2353 2520 2665 2587 subduce-

340 2645 481 2691 mus
522 2631 590 2692 et
635 2627 1035 2692 conteremus
1141 2627 1360 2707 Atque
1404 2628 1472 2692 in
1520 2631 1561 2706 β
1596 2629 1956 2709 archetypo
2002 2632 2107 2693 ter
2141 2632 2210 2693 et
2249 2627 2474 2693 tricies
2516 2644 2666 2709 pec-

341 2738 557 2801 catum
603 2754 747 2800 esse
797 2736 1019 2801 video:
1088 2735 1171 2802 cf.
1232 2755 1294 2801 v.
1359 2743 1460 2819 92,
1529 2741 1671 2818 114,
1722 2741 1866 2818 307,
1927 2742 2075 2817 409,
2124 2739 2272 2817 436,
2319 2739 2466 2816 466,
2511 2738 2663 2816 482,

343 2846 487 2923 540,
538 2848 681 2924 637,
728 2849 872 2924 661,
915 2848 1060 2923 867,
1112 2846 1257 2925 868,
1290 2849 1438 2924 976,
1484 2849 1629 2924 961,
1657 2848 1803 2923 918,
1853 2847 2437 2924 968,1661,1666,
2474 2847 2659 2924 1110,

346 2952 529 3030 1169,
588 2955 765 3030 1186,
816 2955 1001 3029 1198,
1045 2955 1229 3032 1231,
1282 2956 1462 3031 1266,
1517 2956 1700 3030 1277,
1755 2953 1939 3030 1298,
1992 2931 2176 3030 1361,
2232 2953 2416 3030 1469,
2471 2953 2657 3030 1421,

345 3059 530 3138 1470,
583 3060 765 3139 1499,
822 3060 1005 3138 1510,
1044 3060 1272 3121 contra
1315 3056 1382 3121 in
1426 3083 1464 3141 γ
1498 3057 1722 3123 11ον168
1765 3061 2044 3139 tantum,
2085 3056 2167 3126 cf.
2212 3075 2274 3123 V.
2320 3063 2463 3138 550,
2513 3063 2658 3138 692,

344 3169 486 3246 707,
536 3170 678 3247 737,
719 3170 863 3246 975,
911 3171 1055 3247 995,
1108 3170 1292 3247 1012,
1345 3171 1529 3247 1286,
1582 3170 1764 3231 1470.
1858 3165 2042 3246 Quae
2066 3183 2146 3229 ex
2176 3164 2661 3247 comparatione

341 3272 506 3337 satis
542 3272 943 3338 confidenter
985 3272 1317 3355 colligitur
1336 3272 1572 3337 librum
1612 3275 1671 3354 β,
1705 3276 1936 3353 utpote
1988 3272 2097 3351 qui
2140 3272 2361 3338 multis
2405 3276 2475 3338 et
2513 3291 2660 3354 gra-

343 3379 532 3445 vibus
557 3380 739 3445 vitiis
771 3382 1117 3462 adspersus
1136 3380 1357 3462 fuerit,
1402 3379 1668 3445 minoris
1705 3379 1902 3460 pretii
1947 3397 2088 3444 esse
2108 3397 2300 3458 quam
2321 3405 2378 3465 y.
2470 3380 2653 3462 Quae

340 3505 486 3551 cum
529 3486 626 3551 ita
671 3487 819 3569 sint,
869 3488 929 3552 ei
971 3488 1224 3553 scilicet
1264 3507 1304 3553 a
1341 3487 1744 3569 probalitate
1789 3485 2186 3569 abscedent,
2250 3487 2359 3567 qui
2406 3488 2662 3553 Raven-

341 3593 517 3662 natis
559 3593 923 3673 Venetique
967 3593 1400 3677 auctoritate,
1459 3599 1535 3659 ut
1579 3593 1887 3675 vidimuS,
1938 3592 2213 3675 ancipiti
2254 3599 2323 3659 et
2359 3591 2664 3675 ambigua

339 3700 784 3782 imprudenter
840 3701 1013 3783 freti,
1062 3721 1144 3767 ex
1179 3704 1405 3769 horum
1445 3702 1756 3768 librorum
1783 3699 2034 3766 mendis
2075 3702 2275 3767 etiam
2316 3699 2664 3768 levissimis

341 3809 679 3874 materiem
720 3806 842 3873 sibi
881 3807 1292 3875 coniectandi
1332 3806 1676 3889 quaerant.
1765 3808 1909 3874 Non
1952 3807 2311 3873 audiendus
2355 3826 2514 3892 ergo
2559 3811 2663 3874 est

551 4064 593 4130 ¹)
633 4062 799 4116 Velut
829 4062 883 4116 in
925 4062 1206 4130 equitibus
1248 4065 1296 4117 Θ
1333 4062 1759 4118 Laurentiamus
1805 4061 1978 4115 multa
2027 4074 2199 4131 eaque
2238 4060 2446 4129 optima
2499 4059 2660 4115 nobis

344 4153 665 4220 reservavit,
709 4166 854 4220 quae
885 4154 1083 4208 Veneti
1115 4145 1299 4209 scriba
1334 4168 1538 4222 operae
1557 4152 1795 4220 pretium
1832 4165 1952 4206 esse
1973 4167 2086 4206 non
2121 4151 2346 4219 putavit
2375 4165 2444 4207 ex
2470 4149 2660 4224 arche-

342 4245 483 4312 typo
520 4240 857 4299 describere.
