3015 4740
1250 234 1672 297 ...42-

305 404 473 475 αΐειν
513 425 557 477 a
607 404 858 475 vocalis
897 404 1303 489 correptione
1346 421 1655 473 concessa
1696 404 1930 485 poetae
1982 394 2270 466 reddere.
2357 394 2531 464 Huic
2573 394 2631 463 si

304 513 678 587 sententiae
721 512 1166 597 adstipulariS,
1209 512 1425 580 omnia
1469 515 1623 578 sunt
1658 510 1859 593 plana
1907 514 1976 574 et
2017 505 2376 590 perspicua.

504 621 695 688 Nunc
734 621 818 688 de
857 638 1053 690 versu
1075 624 1223 703 887,
1261 620 1373 686 ubi
1416 620 1482 684 R
1523 620 1724 685 τοῦτο
1768 620 1912 698 νῦν,
1964 613 2170 682 ceteri
2211 615 2375 678 τοῦτ
2413 608 2474 698 γ’
2504 600 2628 677 οὖν

306 729 430 818 (nil
471 728 641 796 enim
674 729 880 797 refert
925 725 983 795 δ’
1026 717 1147 794 οὖν
1189 728 1258 794 in
1301 730 1415 794 ΔΘ
1455 745 1538 793 ex
1574 724 1843 792 solemni
1884 721 2201 806 peccandi
2229 738 2405 789 more
2428 719 2630 805 scrip-

304 840 445 905 tum
487 839 656 925 esse)
698 835 1006 904 obferunt
1049 834 1449 902 sententiam
1485 852 1695 900 meam
1751 833 1951 900 verbo
2009 830 2197 897 iuvat
2237 828 2627 911 significare.

304 945 647 1022 Pollicitus
666 945 838 1011 enim
859 947 1006 1009 erat
1026 942 1332 1009 Socrates
1347 940 1745 1023 Strepsiadis
1771 939 1976 1006 filium
2003 939 2127 1005 duo
2151 957 2222 1004 se
2249 937 2629 1003 edocturum

309 1071 453 1121 esse
493 1050 638 1131 (τὸν
687 1053 1032 1137 κρείττονα
1058 1052 1166 1116 καὶ
1194 1046 1316 1116 τὸν
1356 1043 1601 1137 ἥττονα
1630 1044 1881 1136 λόγον).
1929 1047 2173 1113 Contra
2196 1044 2627 1127 StrepsiadeS,

309 1162 420 1244 qui
472 1160 604 1228 iam
662 1178 857 1228 versu
916 1165 1040 1226 885
1083 1177 1279 1225 unum
1325 1158 1565 1224 saltem
1581 1157 1762 1222 illud
1810 1153 1913 1241 (τὸ
1973 1144 2133 1241 γοῦν
2176 1148 2408 1219 ἄδικον
2451 1143 2627 1234 πάσῃ

308 1270 530 1354 τέχνῃ)
579 1267 703 1335 sibi
748 1270 1136 1351 poposcerat
1190 1267 1546 1331 abeuntnm
1589 1263 1930 1330 Socratem
1987 1263 2227 1328 iterum
2282 1262 2500 1325 monet
2541 1276 2629 1323 ne

306 1376 764 1456 obliviscatur,
830 1393 1018 1455 quem
1060 1373 1146 1440 ad
1188 1372 1444 1439 modum
1498 1372 1672 1438 filius
1715 1371 1887 1438 omni
1923 1370 2222 1436 iustitiae
2258 1385 2629 1450 repugnare

308 1484 540 1554 discat.
644 1481 854 1548 Multo
903 1482 1112 1565 magis
1171 1480 1375 1564 igitur
1432 1474 1486 1565 γ’
1547 1468 1669 1545 οὖν
1709 1477 1965 1544 accidet
2011 1477 2180 1557 quod
2218 1476 2332 1541 uni
2381 1475 2631 1559 cuique,

308 1591 413 1659 cui
452 1591 760 1658 librorum
803 1590 1201 1656 auctoritate
1241 1587 1551 1670 neglecta
1593 1587 1801 1654 libera
1837 1587 2012 1668 optio
2052 1586 2212 1652 data
2253 1583 2360 1659 sit,
2406 1584 2635 1665 quovis

305 1699 579 1784 pignore
618 1697 1062 1765 contenderim
1103 1696 1386 1779 probari.

513 1803 694 1870 Nihil
752 1809 975 1870 autem
1038 1820 1234 1870 versu
1290 1807 1453 1867 1073
1516 1820 1598 1866 ex
1640 1799 1896 1866 ratione
1940 1800 2082 1882 ipsa
2127 1799 2500 1884 argumenti
2530 1817 2630 1864 re-

307 1916 536 1996 petere
590 1911 849 1993 licebit,
910 1910 1022 1976 ubi
1074 1909 1168 1976 nil
1223 1909 1504 1976 interest
1539 1912 1771 1975 -utrum
1823 1910 2176 1995 καχασμῶν
2241 1926 2386 1973 cum
2420 1909 2502 1989 R,
2548 1924 2637 1973 an

310 2038 457 2086 cum
526 2018 655 2083 VX
714 2020 1075 2104 κιχλισμῶν
1133 2017 1201 2083 in
1249 2021 1502 2083 textum
1564 2016 1973 2099 recipiamus.
2093 2016 2341 2097 Unum,
2389 2015 2632 2097 opinor,

310 2126 741 2193 certissimum
787 2130 890 2191 est
928 2128 1107 2191 totas
1141 2126 1266 2191 hac
1310 2126 1543 2190 turbas
1600 2123 1755 2189 inde
1800 2130 1997 2191 natas
2043 2142 2225 2204 esse,
2271 2124 2441 2203 quod
2482 2122 2637 2189 olim

309 2235 666 2302 alterutum
717 2231 1199 2315 interpretandi
1250 2231 1469 2316 gratia
1530 2233 2037 2314 superscriptum
2081 2236 2213 2314 est.
2318 2232 2637 2296 Attamen

311 2343 575 2410 aliunde
634 2342 892 2409 accedit
953 2341 1215 2423 aliquod
1266 2346 1661 2409 momentum
1725 2341 1920 2408 valde
1968 2339 2517 2407 accommodatum
2549 2338 2637 2405 ad

310 2453 481 2518 hanc
503 2450 1012 2517 controversiam
1032 2450 1476 2532 dirimendam,
1506 2451 1649 2517 dico
1666 2449 2060 2516 scholiastae
2079 2449 2163 2514 ad
2182 2450 2354 2514 hunc
2378 2466 2635 2515 versum

311 2557 820 2639 adnotationem,
862 2575 1028 2638 quae
1070 2557 1139 2622 in
1182 2558 1574 2623 Ravennate
1605 2576 1856 2637 quoque
1901 2557 1994 2622 sic
2040 2555 2415 2621 exhibetur:
2500 2579 2634 2640 κιχ-

314 2669 588 2752 λισμῶν]
634 2668 993 2750 κιχλισμῶν
1040 2664 1111 2729 δὲ
1154 2658 1301 2730 α’ντὶ
1339 2667 1458 2730 τοῦ
1500 2662 1814 2749 γελώτων
1861 2657 2280 2749 α’διαφόρων.

521 2771 837 2839 Similiter
891 2789 1086 2839 versu
1148 2778 1312 2837 1005
1369 2771 1610 2837 Suidae
1677 2771 2053 2838 testimonio
2110 2789 2265 2837 usus
2322 2770 2454 2836 iam
2521 2788 2639 2851 per

314 2879 556 2944 Veneti
587 2883 656 2944 et
690 2883 762 2944 X
794 2878 1085 2947 codicum
1121 2877 1512 2960 scripturam
1554 2866 1947 2964 καταθρὲξει
1987 2879 2182 2966 (quod
2225 2883 2445 2944 autem
2482 2895 2626 2960 per-

311 2986 584 3068 vulgato
641 3003 860 3051 errore
919 2985 1347 3070 καταθρέξεις
1408 2984 1476 3050 in
1513 2985 1613 3051 his
1655 2985 1917 3069 legitur,
1964 2985 2031 3053 id
2075 3004 2261 3052 nemo
2300 2985 2384 3051 ad
2425 2988 2636 3052 totam

305 3093 658 3181 1ectionem
678 3091 1127 3158 reffellendam
1150 3091 1434 3174 adferet)
1455 3095 1661 3160 multo
1682 3095 1978 3177 proprius
2006 3113 2199 3174 quam
2229 3093 2637 3160 Ravennatis

313 3198 672 3289 ἀποθρέξει
753 3201 839 3267 ad
918 3200 1276 3268 veritatem
1353 3203 1667 3268 accedere
1749 3203 1913 3269 satis
1986 3202 2389 3268 confidenter
2458 3199 2635 3267 affir-

313 3310 560 3377 marim.

514 3416 753 3482 Nostro
793 3421 930 3482 tam
957 3414 1098 3481 iure
1136 3434 1199 3482 v.
1250 3421 1413 3481 1233
1453 3416 1695 3483 Veneti
1740 3419 1808 3482 et
1835 3420 1907 3482 X
1935 3415 2245 3483 librorum
2267 3416 2633 3497 lectionem,

313 3522 497 3590 cuius
516 3541 598 3589 ex
620 3522 1028 3589 Ravennatis
1060 3521 1246 3603 quasi
1265 3521 1532 3605 imperio
1554 3524 1692 3590 fere
1714 3523 2146 3591 intermortua
2177 3529 2281 3591 est
2304 3523 2630 3604 memoria,

315 3649 396 3697 ex
436 3629 760 3698 oblivione
798 3629 1270 3696 suscitabimus.
1374 3631 1631 3698 Primus
1676 3632 2091 3699 Hermannus
2131 3633 2199 3698 in
2242 3633 2460 3698 altera
2502 3630 2634 3697 edi-

195 3732 200 3736 ’
309 3738 488 3807 tione
523 3737 842 3822 bipartita
885 3738 1390 3820 argumentandi
1427 3739 1697 3805 ratione
1757 3739 1883 3804 VX
1923 3741 2123 3807 libros
2183 3740 2453 3805 adortus
2496 3742 2631 3805 est:

319 3847 519 3928 „Cum
559 3850 725 3931 tota,
777 3844 1009 3925 inquit,
1048 3845 1165 3912 illa
1208 3846 1540 3912 sententia
1582 3847 1759 3912 iners
1803 3847 1891 3913 sit
1926 3851 2124 3928 atque
2165 3846 2418 3911 inutilis
2463 3863 2632 3913 cum-

310 3970 438 4035 pue
504 3954 668 4020 liber
725 3953 1078 4020 Ravennas
1118 3954 1322 4021 verba
1364 3953 1497 4020 ista
1539 3949 1621 4019 ῗν’
1660 3948 1743 4019 ἂν
1787 3946 2072 4040 κελεύσῳ
2114 3944 2300 4038 ’γιόσε
2345 3952 2630 4035 omittat,

308 4060 495 4143 posui
535 4064 1063 4128 monometrum.“

519 4167 649 4232 Sed
678 4167 861 4233 inani
882 4171 1289 4252 argumento,
1324 4168 1494 4249 quod
1533 4168 1892 4249 posteriore
1929 4168 2069 4232 loco
2091 4167 2328 4249 adfert,
2376 4158 2628 4233 nititur.

314 4275 483 4343 Nam
524 4272 640 4340 isti
684 4273 907 4356 codici,
948 4275 1058 4357 qui
1095 4278 1234 4343 tam
1272 4273 1690 4361 negligenter
1731 4277 2040 4340 exaratus
2084 4280 2205 4357 est,
2250 4279 2327 4340 ut
2347 4292 2477 4341 non
2500 4291 2630 4339 mo-
