3015 4740
1380 341 1765 400 ...¹7...

415 499 855 589 καὶ-πέρδεται
894 501 903 586 Ι
940 518 1004 569 v.
1035 504 1176 566 134.
1199 499 1329 567 add
1365 493 1448 565 ἄν
1486 499 1498 586 Ι
1534 516 1598 567 v.
1624 502 1764 566 140.
1808 497 1956 565 add.
2000 493 2186 585 ἀνὴρ,
2226 498 2403 591 ᾆερρὶ
2438 499 2451 584 Ι
2488 515 2551 566 v.
2584 503 2728 563 201.
2833 490 2846 571 ‚³

416 625 536 673 om.
575 610 586 692 Ι
624 624 685 673 v.
719 611 863 672 267.
890 604 1159 690 ἔμελλον
1196 609 1206 691 Ι
1245 624 1290 672 v
1337 609 1482 671 304.
1510 606 1618 670 καὶ
1639 599 1896 692 κράκτα
1932 609 1943 689 Ι
1981 621 2044 671 V.
2075 607 2216 671 346.
2259 597 2411 689 ὅμοι
2448 608 2457 690 Ι
2495 607 2728 671 v.467.

414 730 533 778 om.
573 711 584 798 Ι
622 729 684 778 v.
710 716 851 778 505.
884 712 1032 778 add.
1074 712 1181 777 καὶ
1219 719 1225 787 ξ
1266 729 1324 779 v.
1358 717 1499 777 536.
1548 708 1831 797 λιπαρὸν
1875 712 2122 778 θεᾶθαι
2149 710 2409 789 inverso
2450 711 2675 777 ordine
2717 712 2725 798 Ι

417 838 477 887 v.
507 823 652 885 534.
675 807 982 886 0111.αῧον
1069 837 1130 885 V.
1152 824 1306 885 538.
1350 820 1587 905 μικρᾶς
1623 822 1634 903 Ι
1671 837 1734 885 v.
1772 823 1915 885 611.
1956 810 2392 903 γεννικώτατε
2428 820 2441 904 Ι
2480 836 2543 885 v.
2580 821 2726 884 683.

415 923 494 1013 δὴ
534 929 544 1009 Ι
581 944 645 995 v.
691 933 818 993 690
877 925 1214 992 ἐπίστασαι
1282 920 1517 1004 εὔνους
1557 925 1817 992 inverso
1860 924 2084 991 ordine
2124 926 2135 1004 Ι
2171 942 2233 992 v.
2269 931 2411 991 725.
2455 919 2635 1009 ’δεῦρ’
2680 912 2738 989 ὦ

418 1027 562 1119 δῆμ’
601 1034 611 1120 Ι
649 1050 712 1099 v.
740 1038 882 1099 735.
912 1051 1124 1120 omme
1163 1034 1173 1118 Ι
1209 1052 1274 1100 v.
1311 1038 1454 1100 799.
1478 1027 1677 1118 θρεψ’
1720 1027 1851 1117 ἐγὼ
1888 1035 1898 1117 Ι
1938 1050 1999 1099 v.
2024 1037 2167 1097 886.
2214 1029 2402 1098 ἔλθοι
2441 1035 2451 1113 ξ
2488 1050 2551 1099 v.
2580 1035 2726 1097 884.

417 1133 739 1205 οὐδέποτε
779 1142 789 1223 Ι
826 1158 888 1207 v.
929 1145 1072 1206 983.
1116 1134 1317 1226 ἤστην
1375 1137 1448 1206 ἐν
1490 1141 1571 1224 τῇ
1611 1134 1801 1205 πόλει
1857 1129 1978 1204 δύο
2048 1134 2245 1224 σκεύη
2288 1139 2577 1224 χρησίμω
2619 1137 2729 1203 mi-

411 1245 605 1312 rabili
617 1246 958 1314 verborum
992 1246 1417 1312 collocatione
1454 1245 1466 1332 Ι
1504 1263 1569 1312 v.
1589 1248 1773 1311 1004.
1792 1264 1913 1311 om.
1945 1247 2067 1311 τοῦ
2105 1247 2115 1333 Ι
2153 1263 2215 1312 v.
2240 1251 2422 1311 1089.
2441 1250 2730 1327 φυλασσε

413 1370 476 1420 v.
498 1357 668 1418 1004
709 1347 1054 1438 γενόμενος
1092 1356 1102 1436 Ι
1140 1371 1201 1420 V.
1223 1357 1408 1418 1056.
1454 1352 1766 1438 καταθείη
1802 1354 1816 1439 Ι
1864 1369 1924 1419 v.
1955 1356 2137 1419 115⁷.
2170 1352 2278 1416 καὶ
2302 1345 2731 1417 πάλαιπάλαι

419 1459 427 1542 Ι
456 1476 519 1526 v.
556 1464 739 1524 1322.
769 1461 896 1525 νῦν
917 1476 1038 1524 0111.
1074 1459 1082 1545 Ι

621 1584 782 1650 Cum
824 1589 1047 1652 autem
1087 1584 1264 1650 inter
1299 1585 1468 1651 hanc
1511 1584 1817 1653 vitiorum
1872 1584 2104 1651 molem
2145 1584 2353 1650 multa
2383 1580 2726 1664 ‘reperian-

413 1695 525 1757 tur
566 1695 704 1759 tam
753 1690 1133 1774 singularia,
1176 1694 1252 1756 ut
1283 1709 1550 1773 prorsus
1592 1688 1974 1757 incredibile
2017 1690 2133 1773 sit,
2180 1694 2491 1771 quattuor
2530 1688 2728 1754 libra-

414 1797 546 1864 rios
591 1816 877 1864 seorsum
921 1799 988 1864 in
1026 1799 1284 1865 eosdem
1329 1816 1582 1865 errores
1607 1797 1909 1880 delapsos
1944 1815 2105 1877 esse,
2152 1813 2550 1876 consequens
2575 1794 2728 1861 inde

414 1907 516 1968 est
555 1903 923 1970 necessario
938 1953 955 1987 ,
1023 1907 1141 1970 aut
1193 1906 1360 1972 ΓΘΑ
1405 1904 1607 1970 libros
1651 1921 1734 1970 ex
1766 1905 1830 1969 A
1889 1902 2267 1986 (Parisino),
2327 1901 2562 1983 quippe
2619 1900 2729 1980 qui

410 2008 677 2089 reliquis
721 2009 932 2076 tribus
975 2009 1064 2076 sit
1097 2010 1429 2092 antiquior
1473 2012 1670 2099 (saec.
1691 2010 1916 2097 XIII.)
1922 2061 1939 2095 ,
1984 2012 2255 2076 haustos
2300 2004 2444 2075 esse
2484 2012 2602 2074 aut
2646 2026 2729 2073 ex

409 2132 535 2181 uno
580 2133 801 2182 omnes
844 2116 1194 2197 eodemque
1241 2119 1622 2202 archetypo.
1713 2116 1842 2184 Sed
1885 2117 2033 2184 illos
2079 2135 2162 2183 ex
2205 2118 2266 2181 A
2310 2115 2542 2182 ductos
2584 2133 2728 2181 esse

413 2221 758 2301 quominus
801 2223 1140 2290 credamus
1179 2223 1563 2306 impedimur
1581 2275 1598 2307 ,
1661 2224 2178 2305 quandoquidem
2221 2222 2386 2288 satis
2427 2223 2637 2288 multa
2663 2223 2724 2286 A

411 2328 650 2396 codicis
693 2328 956 2411 propria
995 2335 1273 2412 peccata
1308 2334 1577 2399 exstant
1619 2331 1804 2398 velut
1845 2349 1907 2399 v.
1932 2336 2078 2397 681.
2124 2349 2242 2396 om.
2273 2321 2447 2395 ὥστέ
2491 2328 2579 2418 [v.
2602 2335 2725 2395 ’708

409 2444 531 2501 om.
575 2433 646 2514 ἐξ
681 2435 696 2523 Ι
733 2454 795 2503 v.
822 2439 967 2502 894.
987 2432 1194 2503 καλὸν
1233 2444 1243 2520 Ι
1280 2456 1342 2505 v.
1373 2442 1518 2503 945.
1563 2438 1863 2515 πολίταις
1892 2440 2040 2524 (pro
2069 2441 2366 2516 πολλοῖς)
2412 2452 2415 2504 ἶ
2455 2454 2516 2503 V.
2538 2443 2724 2503 1015.

409 2544 594 2608 θεῶν
633 2535 997 2624 (ΡΝ-ὁδὸν)
1039 2546 1047 2629 Ι
1084 2561 1147 2610 v.
1189 2548 1375 2611 1121.
1433 2538 1725 2630 γνώμαις
1767 2576 1776 2614 ι
1789 2563 1907 2628 pro
1950 2538 2208 2631 κόμαις)
2248 2549 2257 2628 Ι
2295 2563 2358 2611 v.
2398 2549 2562 2610 1383
2602 2567 2725 2609 πα·
2845 2599 2850 2600 ff

412 2641 810 2734 ραδραμόντ’
847 2654 858 2734 Ι
898 2653 1023 2714 etc.
1106 2650 1309 2716 Patet
1352 2650 1558 2733 igitur
1608 2656 1681 2717 X
1718 2651 1974 2717 codices
2030 2650 2118 2718 ad
2164 2667 2561 2715 communem
2611 2648 2723 2714 ali-

415 2773 607 2835 quem
647 2754 895 2823 fontem
938 2755 1311 2824 referendos
1353 2776 1516 2825 esse.
1604 2758 1791 2824 Nunc
1828 2757 1956 2828 iam
2002 2757 2214 2838 qualis
2256 2756 2363 2821 hic
2401 2754 2546 2821 fons
2587 2755 2725 2821 fue-

410 2862 520 2945 rit,
566 2866 878 2942 quantum
915 2868 1163 2947 potero,
1206 2864 1642 2948 indagaturus
1687 2883 1845 2931 sum.

614 2990 836 3068 Atque
897 2991 1305 3059 Ravennatis
1379 3011 1612 3075 parum
1672 2992 1857 3060 illum
1920 2990 2191 3057 similem
2250 2989 2455 3057 fuisse
2497 2990 2725 3057 statim

408 3096 820 3177 perspicuum
862 3096 991 3162 erit
1034 3102 1421 3178 apparatum
1463 3100 1764 3166 criticum
1818 3096 2210 3180 inspicienti.
2296 3097 2441 3162 Uno
2478 3101 2722 3179 tamen,

417 3202 589 3281 quod
626 3201 847 3284 sciam,
916 3204 1057 3269 loco
1103 3221 1247 3269 cum
1293 3205 1358 3267 R
1388 3205 1540 3269 libri
1581 3210 1654 3271 X
1686 3208 2086 3286 congruunt,
2155 3219 2350 3269 versu
2397 3208 2582 3284 1304,
2630 3204 2716 3268 ub

409 3311 640 3374 contra
680 3313 958 3375 metrum
1003 3307 1302 3397 πονηρὸν
1360 3312 1627 3378 habent.
1715 3308 1845 3376 Sed
1900 3308 2007 3374 hic
2063 3324 2412 3373 consensus
2468 3307 2567 3373 ita
2621 3313 2725 3375 est

409 3419 856 3496 comparatus,
932 3421 1007 3482 ut
1044 3435 1211 3486 unus
1255 3417 1546 3500 quisque,
1616 3416 1728 3498 qui
1773 3415 1913 3482 eius
1955 3413 2270 3497 originem
2316 3413 2718 3498 cogitatione

410 3522 972 3602 comprehenderit
986 3573 1003 3605 ,
1067 3542 1214 3590 eum
1278 3524 1523 3591 nullius
1577 3542 1721 3590 esse
1794 3521 2104 3590 momenti
2148 3539 2572 3589 concessurus
2614 3523 2721 3590 sit.

414 3626 739 3711 Scriptum
784 3628 956 3694 enim
989 3628 1119 3695 iam
1163 3634 1309 3696 erat
1349 3631 1419 3696 in
1453 3630 1734 3697 omnium
1775 3635 2141 3698 nostrorum
2164 3629 2456 3698 codicum
2498 3632 2723 3696 arche-

610 3751 683 3787 πο
793 3734 859 3787 ὂν

408 3808 568 3887 typo
611 3753 987 3891 μοιῖἕηρόνς
1035 3809 1267 3887 postea
1329 3804 1392 3871 ei
1457 3806 1568 3885 qui
1631 3805 1696 3868 R
1730 3809 1799 3870 et
1839 3809 1911 3870 X
1948 3806 2342 3889 exararunt,
2425 3801 2724 3884 quoniam

405 3908 767 3996 μοχθηρὸν,
813 3911 982 3991 quod
1038 3912 1100 3973 V
1135 3911 1351 3978 tenuit
1371 3961 1387 3994 ‚
1433 3912 1644 3978 minus
1678 3911 1960 3978 fortasse
2004 3911 2101 3977 eis
2139 3911 2456 3977 usitatum
2501 3914 2572 3976 et
2607 3910 2723 3976 tri-

410 4020 551 4082 tum
597 4021 762 4099 erat,
806 4015 1107 4104 πονηρόν
1151 4019 1356 4085 solum
1390 4018 1895 4086 transtulerunt.
1983 4015 2393 4085 Ravennatis
2438 4017 2530 4083 sic
2579 4036 2723 4084 cum

415 4127 486 4189 X
526 4123 818 4190 codicum
859 4128 1217 4209 archetypo
1240 4143 1469 4193 necess
1496 4125 1724 4192 tudine
1753 4127 2019 4207 explosa
2061 4140 2336 4203 aequum
2358 4129 2481 4207 est,
2523 4125 2724 4191 etiam

401 4230 473 4297 in
515 4231 840 4299 Venetum
881 4232 1137 4315 inquiri.
1224 4234 1318 4300 Et
1377 4232 1483 4300 hic
1526 4252 1833 4320 prospere
1873 4251 1981 4299 res
2019 4229 2315 4314 procedit
2416 4230 2723 4298 Etiamsii

404 4336 575 4405 enim
612 4356 734 4422 per
773 4343 1199 4409 transennam
1237 4341 1425 4424 quasi
1484 4344 1986 4425 praetereuntes
2029 4335 2396 4418 scripturae
2479 4338 2720 4404 disere·
