3015 4740
1264 182 1778 325 st-415-

613 383 778 452 Νοιι
801 384 967 449 bene
1011 381 1246 450 deinde
1290 382 1351 449 ei
1396 382 1556 449 mihi
1597 382 1909 449 videntur
1952 385 2188 463 poetae
2225 381 2458 458 textui
2500 396 2726 447 consu-

399 492 576 574 lere,
622 483 732 572 qui
773 474 836 559 v.
871 496 1014 556 495
1059 492 1515 558 Ravennatem
1554 491 1763 557 secuti
1805 483 2002 556 ἔπειτ’
2076 509 2192 573 pro
2255 474 2504 557 κᾶπειτ’
2546 488 2726 557 inve-

383 599 602 679 ·hunt;
648 618 801 705 nam
845 598 1103 682 saepius
1149 599 1270 666 hoc
1310 594 1387 681 κ’,
1436 598 1606 680 quod
1647 617 1728 665 ex
1770 601 1878 664 καὶ
1920 616 2039 681 per
2082 592 2300 664 cra‘sin
2364 597 2606 681 oritur,
2648 596 2738 663 li-·

400 707 477 771 br
479 724 761 773 ariorum
831 707 1260 833 neglegentia
1328 707 1655 773 omittitur
1713 707 1928 803 (velut
1980 707 2131 773 nub.
2166 726 2229 774 v.
2271 713 2413 773 390.
2459 706 2529 773 ιιι
2571 705 2724 772 Am-

399 815 701 881 brosiano
746 810 942 880 ἔπειτ’
1002 833 1119 896 pro
1177 808 1429 880 κᾶπειτ
1431 864 1447 896 ,
1518 833 1657 880 ran.
1703 833 1760 881 V.
1801 820 1944 880 129
1967 796 2037 880 ιιι
2094 814 2158 876 R
2201 807 2338 878 εἶτα
2379 831 2498 896 pro
2534 799 2723 895 κᾶτα,

400 922 687 988 Acharn.
737 942 801 989 v.
853 929 971 989 116
1016 923 1085 988 ιιι
1130 922 1421 989 omnibus
1465 925 1733 1005 praeter
1797 924 1862 987 R
1904 921 2090 988 libris
2159 915 2284 987 ὀυκ
2348 939 2465 1003 pro
2532 914 2731 1007 κόυκ,

402 1030 690 1096 Acharn.
710 1014 713 1015 ᾗ
734 1049 799 1100 ν..
842 1036 964 1097 526
1010 1031 1183 1112 apud
1226 1030 1642 1096 Athenaeum
1680 1024 1803 1094 εἶθ’
1845 1048 1963 1111 pro
2003 1016 2216 1118 κᾷθ’);
2286 1027 2576 1095 additum
2616 1044 2727 1096 au-

402 1140 535 1201 tem
577 1137 740 1202 illud
784 1150 925 1203 esse
969 1138 1110 1204 sola
1141 1138 1414 1204 licentia
1430 1188 1446 1220 ,
1512 1138 1691 1203 nullo
1759 1137 1927 1217 quod
1985 1136 2188 1204 sciam
2237 1135 2529 1223 exemplo
2574 1153 2722 1204 con-

405 1246 651 1315 firmari
694 1249 931 1327 potest.

604 1352 1030 1421 Pervenimus
1086 1351 1218 1417 iam
1277 1352 1363 1417 ad
1427 1349 1838 1417 Ravennatis
1907 1350 2332 1435 scripturam,
2401 1369 2569 1432 quae
2624 1353 2728 1418 est

397 1476 594 1528 versu
647 1467 772 1526 650
831 1453 1124 1525 §mistum
1170 1460 1313 1545 (pro
1381 1452 1492 1524 εἶτ’
1549 1456 1869 1545 ἐπαΐειν),
1951 1458 2133 1525 cuius
2198 1459 2282 1526 ab
2347 1458 2726 1527 Hermanno

399 1567 691 1633 defensio
754 1586 882 1633 non
924 1566 1063 1632 sine
1106 1565 1322 1647 specie
1359 1584 1517 1631 sane
1560 1568 1867 1648 suscepta
1927 1570 2048 1632 est.
2142 1566 2443 1651 „Scripsi,
2489 1567 2723 1651 inquit,

401 1693 545 1740 cum
578 1674 884 1739 Bekkero
928 1667 1232 1739 ἐπαΐόνθ
1266 1670 1389 1739 hac
1425 1672 1832 1755 potissimum
1875 1677 2088 1740 motus
2125 1673 2402 1756 ratione,
2442 1675 2610 1755 quod
2645 1692 2725 1744 ea

402 1781 648 1846 Atticis
692 1780 944 1847 usitata
987 1799 1289 1846 mensura
1335 1784 1455 1847 est.
1548 1779 1921 1861 Corripiunt
1963 1780 2237 1863 primam
2279 1779 2494 1846 Attici
2534 1780 2604 1846 in
2630 1780 2725 1847 eis

403 1887 648 1969 metriS,
696 1906 862 1966 quae
905 1888 991 1953 ad
1033 1878 1279 1954 heroici
1319 1905 1550 1979 versus
1595 1888 1957 1969 exemplum
1997 1892 2161 1957 sunt
2206 1887 2548 1955 formata.“
2596 1888 2722 1954 Re-

402 1994 688 2060 ctissime
730 1993 1025 2075 profecto
1067 1994 1135 2060 id
1180 1995 1262 2082 de
1320 1992 1594 2077 tragicis
1653 1995 2069 2081 observatum
2128 1999 2249 2060 est.
2339 1993 2721 2076 Aristopha-

400 2121 549 2167 nem
593 2120 782 2184 vero,
844 2101 1078 2183 quippe
1122 2102 1233 2182 qui
1276 2102 1467 2186 longe
1513 2122 1554 2168 a
1595 2102 2083 2185 tragoediarum
2140 2119 2261 2168 usu
2303 2101 2573 2167 recedat
2614 2119 2725 2183 po-

402 2211 607 2276 tuisse
649 2211 884 2276 saltem
926 2211 1102 2276 inter
1140 2215 1449 2292 quattuor
1494 2211 1687 2277 huius
1728 2211 1912 2278 verbi
1943 2210 2240 2291 exempla
2286 2209 2397 2289 (cf.
2431 2228 2609 2291 vesp.
2657 2227 2721 2276 v.

405 2324 558 2400 715)
606 2318 806 2384 semel
852 2337 892 2383 a
934 2320 1227 2386 vocalem
1273 2318 1616 2401 corripere,
1657 2318 1770 2386 vix
1812 2321 2033 2402 potest
2076 2312 2324 2401 negari.
2415 2316 2521 2383 Sic
2557 2316 2723 2382 Her-

358 2425 365 2430 ’
403 2426 736 2492 manniani
781 2427 1152 2509 argumenti
1196 2425 1558 2493 severitate
1600 2446 1682 2492 ex
1721 2431 1912 2508 parte
1946 2426 2203 2507 quidem
2232 2425 2557 2509 mitigata,
2592 2425 2724 2490 iam

401 2552 520 2599 nos
563 2532 687 2614 ipsi
730 2533 1205 2617 Ravennatem,
1254 2537 1567 2615 quantum
1611 2553 1966 2617 possumus,
2015 2533 2489 2617 adgrediamur.
2553 2532 2721 2616 Quid

410 2631 611 2724 ergo?
670 2642 738 2706 Is
784 2643 1013 2725 codex,
1084 2642 1192 2722 qui
1235 2643 1631 2721 scholiastae
1674 2641 2286 2724 interpretationem
2329 2642 2498 2707 hanc
2541 2659 2721 2722 prae-

409 2750 541 2831 bet,
591 2748 840 2815 ἐπαΐειν
884 2745 1319 2816 αἰσθάνεσθαι
1365 2753 1472 2817 καὶ
1527 2763 1739 2835 νοεῖν,
1817 2768 2031 2814 nonne
2087 2749 2227 2830 ipse
2271 2748 2459 2829 quasi
2493 2752 2722 2814 contra

408 2875 478 2920 se
518 2857 958 2923 testimonium
1004 2858 1211 2924 dicit?
1268 2859 1524 2925 Deinde
1568 2858 1768 2923 etiam
1807 2856 2282 2924 sententiarum
2328 2873 2609 2922 conexus
2653 2858 2723 2922 et

398 2963 832 3043 perspicuitas
905 2966 1312 3045 apertissime
1354 2986 1395 3031 a
1438 2968 1665 3032 nostra
1706 2970 1898 3046 parte
1924 2968 2101 3054 stat.
2218 2963 2404 3046 Quod
2464 2962 2722 3043 quidem

404 3073 552 3151 post
575 3073 851 3155 πρῶτον
895 3072 1012 3155 μὲν
1056 3077 1475 3154 exspectatur
1521 3072 1744 3138 ἔπειτα
1790 3075 1899 3142 vel
1944 3071 2170 3138 similis
2205 3069 2561 3153 particula,
2599 3072 2758 3136 hoc·

398 3176 732 3242 levidense
775 3178 956 3243 duco,
1048 3178 1176 3244 Sed
1224 3179 1504 3263 quinam,
1553 3198 1826 3262 quaeso,
1892 3185 1967 3246 tu
2010 3184 2238 3260 totum,
2288 3181 2479 3259 quale
2527 3197 2608 3243 ex
2652 3178 2717 3240 R

400 3283 733 3365 vulgatur,
779 3285 1189 3350 enuntiatum
1232 3287 1725 3369 interpretaris:
1774 3282 1937 3352 εἶναι
1971 3284 2235 3372 κομψὸν
2281 3286 2351 3352 ἐν
2387 3291 2505 3365 §vv
2533 3287 2719 3374 ουσίςι

395 3386 718 3472 ἐπαΐονθ’,
766 3384 996 3470 ὁποῖός
1047 3391 1183 3458 ἐστι
1241 3399 1382 3459 τῶν
1430 3393 1710 3479 ῥυθμῶν
1756 3390 1897 3460 κατ’
1943 3389 2256 3461 ἐνόπλιον
2300 3387 2591 3477 χώποῖος
2635 3382 2718 3457 αὖ

396 3494 564 3563 κατὰ
605 3490 948 3564 δάκτυλοι).
1039 3500 1252 3583 Quid?
1292 3502 1462 3566 Num
1503 3506 1579 3567 tu
1627 3521 1815 3582 quem
1854 3502 2194 3584 eleganter
2240 3520 2309 3566 se
2343 3502 2411 3574 in
2447 3519 2568 3566 usu
2604 3501 2716 3566 ho-

400 3605 640 3672 minum
683 3611 1019 3689 gesturum
1063 3627 1205 3674 esse
1251 3628 1476 3675 censes
1497 3660 1513 3692 ,
1594 3609 1745 3688 quia
1787 3609 1979 3675 varia
2022 3627 2429 3674 numerorum
2472 3625 2718 3691 genera

399 3704 823 3795 pernoverit?
884 3716 1085 3781 Vides
1129 3716 1422 3783 diversas
1465 3717 1628 3781 duas
1663 3717 1709 3803 1)
1750 3716 2051 3783 vocabuli
2097 3712 2425 3803 ,,ῥυθμὸς“
2476 3713 2718 3795 signifi-

399 3823 690 3889 cationes
734 3823 828 3888 sic
870 3823 938 3888 in
979 3843 1175 3889 unum
1217 3824 1527 3890 confundi
1569 3829 1906 3905 totumque
1950 3844 2202 3892 sensum
2248 3821 2519 3888 turbari.
2610 3819 2717 3885 Ex

399 3928 501 3994 his
538 3930 901 3997 rationibus
943 3931 1120 3998 inter
1159 3950 1228 3998 se
1271 3931 1635 3998 coniunctis
1669 3934 1887 3998 nullus
1923 3933 2143 4000 dubito
2186 3929 2420 3998 verba:
2463 3922 2574 3994 εἶτ’
2603 3926 2714 3993 ἒπ-

608 4250 649 4319 ¹)
693 4249 874 4306 Etiam
909 4267 1013 4308 nos
1048 4267 1247 4309 vocem
1282 4252 1476 4323 „taot“
1511 4250 1721 4322 duplici
1760 4251 1867 4307 hac
1904 4247 2135 4305 notione
2170 4263 2381 4317 ponere
2418 4248 2676 4306 solemus.
